@article{cooper2000cell,
  title={The Cell: A Molecular Approach. Sunderland (MA) Sinauer Associates},
  author={Cooper, Geoffrey M},
  journal={Structure and Organization of Actin Filaments},
  year={2000}
}

@article{santillan2008use,
  title={On the use of the Hill functions in mathematical models of gene regulatory networks},
  author={Santill{\'a}n, Moises},
  journal={Mathematical Modelling of Natural Phenomena},
  volume={3},
  number={2},
  pages={85--97},
  year={2008},
  publisher={EDP Sciences}
}



@article{yugi2019rate,
  title={Rate-oriented trans-omics: integration of multiple omic data on the basis of reaction kinetics},
  author={Yugi, Katsuyuki and Ohno, Satoshi and Krycer, James R and James, David E and Kuroda, Shinya},
  journal={Current Opinion in Systems Biology},
  volume={15},
  pages={109--120},
  year={2019},
  publisher={Elsevier}
}

@book{alon2019introduction,
  title={An introduction to systems biology: design principles of biological circuits},
  author={Alon, Uri},
  year={2019},
  publisher={CRC press}
}

@article{saito2020translational,
  title={Translational initiation in E. coli occurs at the correct sites genome-wide in the absence of mRNA-rRNA base-pairing},
  author={Saito, Kazuki and Green, Rachel and Buskirk, Allen R},
  journal={Elife},
  volume={9},
  pages={e55002},
  year={2020},
  publisher={eLife Sciences Publications, Ltd}
}

@article{xu2022functions,
  title={Functions and regulation of translation elongation factors},
  author={Xu, Benjin and Liu, Ling and Song, Guangtao},
  journal={Frontiers in Molecular Biosciences},
  volume={8},
  pages={816398},
  year={2022},
  publisher={Frontiers}
}

@book{marintchev2012fidelity,
  title={Fidelity and quality control in gene expression},
  author={Marintchev, Assen},
  year={2012},
  publisher={Academic Press}
}

@inproceedings{samaniego2021signaling,
  title={Signaling-based neural networks for cellular computation},
  author={Samaniego, Christian Cuba and Moorman, Andrew and Giordano, Giulia and Franco, Elisa},
  booktitle={2021 American Control Conference (ACC)},
  pages={1883--1890},
  year={2021},
  organization={IEEE}
}

@article{khalil2009lyapunov,
  title={Lyapunov stability},
  author={Khalil, Hassan K},
  journal={Control systems, robotics and automation},
  volume={12},
  pages={115},
  year={2009}
}


@article{french1996production,
  title={Production and modification of E. coli transketolase for large-scale biocatalysis},
  author={French, Carol and Ward, John M},
  journal={Annals of the New York Academy of Sciences-Paper Edition},
  volume={799},
  pages={11--18},
  year={1996},
  publisher={New York: New York Academy of Sciences.}
}

@article{nacken1996probing,
  title={Probing the limits of expression levels by varying promoter strength and plasmid copy number in Saccharomyces cerevisiae},
  author={Nacken, Val{\'e}rie and Achstetter, Tilman and Degryse, Eric},
  journal={Gene},
  volume={175},
  number={1-2},
  pages={253--260},
  year={1996},
  publisher={Elsevier}
}

@article{friehs2004plasmid,
  title={Plasmid copy number and plasmid stability},
  author={Friehs, Karl},
  journal={New trends and developments in biochemical engineering},
  pages={47--82},
  year={2004},
  publisher={Springer}
}

@article{tejada2020bacterial,
  title={Bacterial RNA degradosomes: molecular machines under tight control},
  author={Tejada-Arranz, Alejandro and de Crecy-Lagard, Valerie and de Reuse, Hilde},
  journal={Trends in biochemical sciences},
  volume={45},
  number={1},
  pages={42--57},
  year={2020},
  publisher={Elsevier}
}

@article{bernstein2002global,
  title={Global analysis of mRNA decay and abundance in Escherichia coli at single-gene resolution using two-color fluorescent DNA microarrays},
  author={Bernstein, Jonathan A and Khodursky, Arkady B and Lin, Pei-Hsun and Lin-Chao, Sue and Cohen, Stanley N},
  journal={Proceedings of the National Academy of Sciences},
  volume={99},
  number={15},
  pages={9697--9702},
  year={2002},
  publisher={National Acad Sciences}
}

@article{holmqvist2018rna,
  title={RNA-binding proteins in bacteria},
  author={Holmqvist, Erik and Vogel, J{\"o}rg},
  journal={Nature Reviews Microbiology},
  volume={16},
  number={10},
  pages={601--615},
  year={2018},
  publisher={Nature Publishing Group UK London}
}

@online{transcription_rate,
  author = {Ron Milo},
  title = {what is faster, transcription or translation?},
  year = {book.bionumbers.org.},
  note = {\url{http://book.bionumbers.org/what-is-faster-transcription-or-translation/} (accessed  Aug. 9, 2023)}
}


@article{zhu2019maintenance,
  title={Maintenance of translational elongation rate underlies the survival of Escherichia coli during oxidative stress},
  author={Zhu, Manlu and Dai, Xiongfeng},
  journal={Nucleic acids research},
  volume={47},
  number={14},
  pages={7592--7604},
  year={2019},
  publisher={Oxford University Press}
}

@article{keseler2017ecocyc,
  title={The EcoCyc database: reflecting new knowledge about Escherichia coli K-12},
  author={Keseler, Ingrid M and Mackie, Amanda and Santos-Zavaleta, Alberto and Billington, Richard and Bonavides-Mart{\'\i}nez, C{\'e}sar and Caspi, Ron and Fulcher, Carol and Gama-Castro, Socorro and Kothari, Anamika and Krummenacker, Markus and others},
  journal={Nucleic acids research},
  volume={45},
  number={D1},
  pages={D543--D550},
  year={2017},
  publisher={Oxford University Press}
}


@article{milo2010bionumbers,
  title={BioNumbersâ€”the database of key numbers in molecular and cell biology},
  author={Milo, Ron and Jorgensen, Paul and Moran, Uri and Weber, Griffin and Springer, Michael},
  journal={Nucleic acids research},
  volume={38},
  number={suppl\_1},
  pages={D750--D753},
  year={2010},
  publisher={Oxford University Press}
}




@book{bishop2006pattern,
  title={Pattern recognition and machine learning},
  author={Bishop, Christopher M and Nasrabadi, Nasser M},
  volume={4},
  number={4},
  year={2006},
  publisher={Springer}
}

@article{zhao2020overview,
  title={An overview of artificial intelligence applications for power electronics},
  author={Zhao, Shuai and Blaabjerg, Frede and Wang, Huai},
  journal={IEEE Transactions on Power Electronics},
  volume={36},
  number={4},
  pages={4633--4658},
  year={2020},
  publisher={IEEE}
}

@article{kasneci2023chatgpt,
  title={ChatGPT for good? On opportunities and challenges of large language models for education},
  author={Kasneci, Enkelejda and Se{\ss}ler, Kathrin and K{\"u}chemann, Stefan and Bannert, Maria and Dementieva, Daryna and Fischer, Frank and Gasser, Urs and Groh, Georg and G{\"u}nnemann, Stephan and H{\"u}llermeier, Eyke and others},
  journal={Learning and Individual Differences},
  volume={103},
  pages={102274},
  year={2023},
  publisher={Elsevier}
}

@misc{dijkstra2022reading,
  title={Reading Comprehension Quiz Generation using Generative Pre-trained Transformers},
  author={Dijkstra, Ramon and Gen{\c{c}}, Z{\"u}lk{\"u}f and Kayal, Subhradeep and Kamps, Jaap and others},
  year={2022},
  publisher={AachenCEUR-WS}
}

@article{chowdhury2012advantages,
  title={Advantages and limitations of artificial intelligence},
  author={Chowdhury, Mashrur and Sadek, Adel W},
  journal={Artificial intelligence applications to critical transportation issues},
  volume={6},
  number={3},
  pages={360--375},
  year={2012}
}

@incollection{negenborn2009intelligence,
  title={Intelligence in transportation infrastructures via model-based predictive control},
  author={Negenborn, RR and Hellendoorn, H},
  booktitle={Intelligent Infrastructures},
  pages={3--24},
  year={2009},
  publisher={Springer}
}

@article{strong2016applications,
  title={Applications of artificial intelligence \& associated technologies},
  author={Strong, AI},
  journal={Science [ETEBMS-2016]},
  volume={5},
  number={6},
  year={2016}
}

@article{khanzode2020advantages,
  title={Advantages and disadvantages of artificial intelligence and machine learning: A literature review},
  author={Khanzode, Ku Chhaya A and Sarode, Ravindra D},
  journal={International Journal of Library \& Information Science (IJLIS)},
  volume={9},
  number={1},
  pages={3},
  year={2020}
}

@article{hechler2020limitations,
  title={Limitations of AI},
  author={Hechler, Eberhard and Oberhofer, Martin and Schaeck, Thomas and Hechler, Eberhard and Oberhofer, Martin and Schaeck, Thomas},
  journal={Deploying AI in the Enterprise: IT Approaches for Design, DevOps, Governance, Change Management, Blockchain, and Quantum Computing},
  pages={299--312},
  year={2020},
  publisher={Springer}
}

@inproceedings{schwenk2005training,
  title={Training neural network language models on very large corpora},
  author={Schwenk, Holger and Gauvain, Jean-Luc},
  booktitle={Proceedings of human language technology conference and conference on empirical methods in natural language processing},
  pages={201--208},
  year={2005}
}

@article{nesbeth2016synthetic,
  title={Synthetic biology routes to bio-artificial intelligence},
  author={Nesbeth, Darren N and Zaikin, Alexey and Saka, Yasushi and Romano, M Carmen and Giuraniuc, Claudiu V and Kanakov, Oleg and Laptyeva, Tetyana},
  journal={Essays in biochemistry},
  volume={60},
  number={4},
  pages={381--391},
  year={2016},
  publisher={Portland Press Limited}
}

@article{balasubramaniam2023realizing,
  title={Realizing Molecular Machine Learning Through Communications for Biological AI},
  author={Balasubramaniam, Sasitharan and Somathilaka, Samitha and Sun, Sehee and Ratwatte, Adrian and Pierobon, Massimiliano},
  journal={IEEE Nanotechnology Magazine},
  year={2023},
  publisher={IEEE}
}

@article{schuman2022opportunities,
  title={Opportunities for neuromorphic computing algorithms and applications},
  author={Schuman, Catherine D and Kulkarni, Shruti R and Parsa, Maryam and Mitchell, J Parker and Date, Prasanna and Kay, Bill},
  journal={Nature Computational Science},
  volume={2},
  number={1},
  pages={10--19},
  year={2022},
  publisher={Nature Publishing Group US New York}
}

@article{kagan2022vitro,
  title={In vitro neurons learn and exhibit sentience when embodied in a simulated game-world},
  author={Kagan, Brett J and Kitchen, Andy C and Tran, Nhi T and Habibollahi, Forough and Khajehnejad, Moein and Parker, Bradyn J and Bhat, Anjali and Rollo, Ben and Razi, Adeel and Friston, Karl J},
  journal={Neuron},
  volume={110},
  number={23},
  pages={3952--3969},
  year={2022},
  publisher={Elsevier}
}

@article{warwick2011experiments,
  title={Experiments with an in-vitro robot brain},
  author={Warwick, Kevin and Nasuto, Slawomir J and Becerra, Victor M and Whalley, Benjamin J},
  journal={Computing with instinct: Rediscovering artificial intelligence},
  pages={1--15},
  year={2011},
  publisher={Springer}
}

@article{vohradsky2001neural,
  title={Neural network model of gene expression},
  author={VOHRADSKY, JI{\v{R}}{\'I}},
  journal={the FASEB journal},
  volume={15},
  number={3},
  pages={846--854},
  year={2001},
  publisher={Wiley Online Library}
}

@inproceedings{moorman2019dynamical,
  title={A dynamical biomolecular neural network},
  author={Moorman, Andrew and Samaniego, Christian Cuba and Maley, Carlo and Weiss, Ron},
  booktitle={2019 IEEE 58th conference on decision and control (CDC)},
  pages={1797--1802},
  year={2019},
  organization={IEEE}
}

@article{banda2013online,
  title={Online learning in a chemical perceptron},
  author={Banda, Peter and Teuscher, Christof and Lakin, Matthew R},
  journal={Artificial life},
  volume={19},
  number={2},
  pages={195--219},
  year={2013},
  publisher={MIT Press One Rogers Street, Cambridge, MA 02142-1209, USA journals-info~â€¦}
}

@article{somathilaka2023revealing,
  title={Revealing Gene Regulation-Based Neural Network Computing in Bacteria},
  author={Somathilaka, Samitha S and Balasubramaniam, Sasitharan and Martins, Daniel P and Li, Xu},
  journal={Biophysical Reports},
  year={2023},
  publisher={Elsevier}
}

@article{krogh2008artificial,
  title={What are artificial neural networks?},
  author={Krogh, Anders},
  journal={Nature biotechnology},
  volume={26},
  number={2},
  pages={195--197},
  year={2008},
  publisher={Nature Publishing Group US New York}
}

@article{tierrafria2022regulondb,
  title={RegulonDB 11.0: Comprehensive high-throughput datasets on transcriptional regulation in Escherichia coli K-12},
  author={Tierrafr{\'\i}a, V{\'\i}ctor H and Rioualen, Claire and Salgado, Heladia and Lara, Paloma and Gama-Castro, Socorro and Lally, Patrick and G{\'o}mez-Romero, Laura and Pe{\~n}a-Loredo, Pablo and L{\'o}pez-Almazo, Andr{\'e}s G and Alarc{\'o}n-Carranza, Gabriel and others},
  journal={Microbial Genomics},
  volume={8},
  number={5},
  year={2022},
  publisher={Microbiology Society}
}

@article{li2021survey,
  title={A survey of convolutional neural networks: analysis, applications, and prospects},
  author={Li, Zewen and Liu, Fan and Yang, Wenjie and Peng, Shouheng and Zhou, Jun},
  journal={IEEE transactions on neural networks and learning systems},
  year={2021},
  publisher={IEEE}
}

@article{medsker2001recurrent,
  title={Recurrent neural networks},
  author={Medsker, Larry R and Jain, LC},
  journal={Design and Applications},
  volume={5},
  number={64-67},
  pages={2},
  year={2001}
}

@article{becerra2022computing,
  title={Computing within bacteria: Programming of bacterial behavior by means of a plasmid encoding a perceptron neural network},
  author={Becerra, A Gargantilla and Guti{\'e}rrez, M and Lahoz-Beltra, Rafael},
  journal={BioSystems},
  volume={213},
  pages={104608},
  year={2022},
  publisher={Elsevier}
}

@article{li2021synthetic,
  title={Synthetic neural-like computing in microbial consortia for pattern recognition},
  author={Li, Ximing and Rizik, Luna and Kravchik, Valeriia and Khoury, Maria and Korin, Netanel and Daniel, Ramez},
  journal={Nature communications},
  volume={12},
  number={1},
  pages={3139},
  year={2021},
  publisher={Nature Publishing Group UK London}
}

@article{nguyen2016role,
  title={Role of riboswitches in gene regulation and their potential for algal biotechnology},
  author={Nguyen, Ginnie TDT and Scaife, Mark A and Helliwell, Katherine E and Smith, Alison G},
  journal={Journal of phycology},
  volume={52},
  number={3},
  pages={320--328},
  year={2016},
  publisher={Wiley Online Library}
}


@book{clark2012molecular,
  title={Molecular biology},
  author={Clark, David P and Pazdernik, Nanette J},
  year={2012},
  publisher={Elsevier}
}

@article{gong2008comparative,
  title={Comparative analysis of essential genes and nonessential genes in Escherichia coli K12},
  author={Gong, Xiaodong and Fan, Shaohua and Bilderbeck, Amy and Li, Mingkun and Pang, Hongxia and Tao, Shiheng},
  journal={Molecular Genetics and Genomics},
  volume={279},
  pages={87--94},
  year={2008},
  publisher={Springer}
}

@article{nordstrom2006copy,
  title={Copy-number control of the Escherichia coli chromosome: a plasmidologist's view},
  author={Nordstr{\"o}m, Kurt and Dasgupta, Santanu},
  journal={EMBO reports},
  volume={7},
  number={5},
  pages={484--489},
  year={2006},
  publisher={John Wiley \& Sons, Ltd Chichester, UK}
}
@article{kim2011measuring,
  title={Measuring retroactivity from noise in gene regulatory networks},
  author={Kim, Kyung Hyuk and Sauro, Herbert M},
  journal={Biophysical journal},
  volume={100},
  number={5},
  pages={1167--1177},
  year={2011},
  publisher={Elsevier}
}

@article{anuradha2008ann,
  title={ANN for classification of cardiac arrhythmias},
  author={Anuradha, B and Reddy, VC Veera},
  journal={ARPN Journal of Engineering and Applied Sciences},
  volume={3},
  number={3},
  pages={1--6},
  year={2008},
  publisher={Citeseer}
}

@misc{guo2014transcription,
  title={Transcription: the epicenter of gene expression},
  author={Guo, Jiannan},
  journal={Journal of Zhejiang University SCIENCE B},
  volume={15},
  pages={409--411},
  year={2014},
  publisher={Springer}
}


@article{cao2020stochastic,
  title={A stochastic model of gene expression with polymerase recruitment and pause release},
  author={Cao, Zhixing and Filatova, Tatiana and Oyarz{\'u}n, Diego A and Grima, Ramon},
  journal={Biophysical Journal},
  volume={119},
  number={5},
  pages={1002--1014},
  year={2020},
  publisher={Elsevier}
}

@article{wang2021direct,
  title={Direct Quantification of Gene Regulation by Transcription-Factor Binding at an Endogenous Gene Locus},
  author={Wang, Jingyao and Dong, Yijing and Sokac, Anna M and Golding, Ido and Xu, Heng},
  journal={Biophysical Journal},
  volume={120},
  number={3},
  pages={260a},
  year={2021},
  publisher={Elsevier}
}

@article{akan2016fundamentals,
  title={Fundamentals of molecular information and communication science},
  author={Akan, Ozgur B and Ramezani, Hamideh and Khan, Tooba and Abbasi, Naveed A and Kuscu, Murat},
  journal={Proceedings of the IEEE},
  volume={105},
  number={2},
  pages={306--318},
  year={2016},
  publisher={IEEE}
}

@article{akan2023internet,
  title={Internet of Everything (IoE)-From Molecules to the Universe},
  author={Akan, Ozgur B and Dinc, Ergin and Kuscu, Murat and Cetinkaya, Oktay and Bilgin, Bilgesu A},
  journal={IEEE Communications Magazine},
  year={2023},
  publisher={IEEE}
}

@article{thompson2020multiple,
  title={Multiple Feedback Mechanisms Underlying Beta Cell Secretory Oscillations},
  author={Thompson, Benjamin M and Marinelli, Isabella and Bertram, Richard and Sherman, Arthur and Satin, Leslie S},
  journal={Biophysical Journal},
  volume={118},
  number={3},
  pages={562a},
  year={2020},
  publisher={Elsevier}
}

@article{bi2021survey,
  title={A survey of molecular communication in cell biology: Establishing a new hierarchy for interdisciplinary applications},
  author={Bi, Dadi and Almpanis, Apostolos and Noel, Adam and Deng, Yansha and Schober, Robert},
  journal={IEEE Communications Surveys \& Tutorials},
  volume={23},
  number={3},
  pages={1494--1545},
  year={2021},
  publisher={IEEE}
}

@article{soldner2020survey,
  title={A survey of biological building blocks for synthetic molecular communication systems},
  author={S{\"o}ldner, Christian A and Socher, Eileen and Jamali, Vahid and Wicke, Wayan and Ahmadzadeh, Arman and Breitinger, Hans-Georg and Burkovski, Andreas and Castiglione, Kathrin and Schober, Robert and Sticht, Heinrich},
  journal={IEEE Communications Surveys \& Tutorials},
  volume={22},
  number={4},
  pages={2765--2800},
  year={2020},
  publisher={IEEE}
}