@misc{Williams2021ItsCraze,
    title = {{'It’s almost like software equals AI': Inside tech’s latest funding craze}},
    year = {2021},
    booktitle = {www.protocol.com/},
    author = {Williams, Joe},
    month = {7}
}

@article{Suresh2022AModel,
    title = {{A hybrid approach to medical decision-making: diagnosis of heart disease with machine-learning model}},
    year = {2022},
    journal = {International Journal of Electrical and Computer Engineering (IJECE)},
    author = {Suresh, Tamilarasi and Assegie, Tsehay Admassu and Rajkumar, Subhashni and Komal Kumar, Napa},
    number = {2},
    month = {4},
    pages = {1831},
    volume = {12},
    doi = {10.11591/ijece.v12i2.pp1831-1838},
    issn = {2722-2578}
}

@incollection{vanRysewyk2015AData,
    title = {{A Hybrid Bottom-Up and Top-Down Approach to Machine Medical Ethics: Theory and Data}},
    year = {2015},
    author = {van Rysewyk, Simon Peter and Pontier, Matthijs},
    pages = {93--110},
    doi = {10.1007/978-3-319-08108-3{\_}7}
}

@misc{Galindo-Rueda2021AAI-related,
    title = {{A new approach to measuring government investment in AI-related}},
    year = {2021},
    booktitle = {oecd.ai},
    author = {Galindo-Rueda, Fernando and Cairns, Stephanie},
    month = {7}
}

@misc{2022ACMConference,
    title = {{ACM FAccT Conference}},
    year = {2022},
    booktitle = {https://facctconference.org/},
    month = {1}
}

@misc{Mehta2021AITime,
    title = {{AI Boom Time}},
    year = {2021},
    booktitle = {www.tortoisemedia.com},
    author = {Mehta, Bijal and Mousavizadeh, Alexandra and Darrah, Kim},
    month = {12}
}

@misc{2022AIInstitute,
    title = {{AI Principles - Future of Life Institute}},
    year = {2022},
    booktitle = {https://futureoflife.org/2017/08/11/ai-principles/},
    month = {1}
}

@misc{Garychl2018ApplicationsWorld,
    title = {{Applications of Reinforcement Learning in Real World}},
    year = {2018},
    booktitle = {towardsdatascience.com},
    author = {{Garychl}},
    month = {8}
}

@article{Allen2005ArtificialApproaches,
    title = {{Artificial Morality: Top-down, Bottom-up, and Hybrid Approaches}},
    year = {2005},
    journal = {Ethics and Information Technology},
    author = {Allen, Colin and Smit, Iva and Wallach, Wendell},
    number = {3},
    month = {9},
    pages = {149--155},
    volume = {7},
    doi = {10.1007/s10676-006-0004-4},
    issn = {1388-1957}
}

@misc{2022BerkmanLibrary,
    title = {{Berkman Klein Center Media Library}},
    year = {2022},
    booktitle = {https://wilkins.law.harvard.edu/events/Misc/2018-10-04{\_}networkpropaganda/},
    month = {1}
}

@inproceedings{Shmueli2021BeyondCrowdsourcing,
    title = {{Beyond Fair Pay: Ethical Implications of NLP Crowdsourcing}},
    year = {2021},
    booktitle = {Proceedings of the 2021 Conference of the North American Chapter of the Association for Computational Linguistics: Human Language Technologies},
    author = {Shmueli, Boaz and Fell, Jan and Ray, Soumya and Ku, Lun-Wei},
    pages = {3758--3769},
    publisher = {Association for Computational Linguistics},
    address = {Stroudsburg, PA, USA},
    doi = {10.18653/v1/2021.naacl-main.295}
}

@article{Maxmen2018CanLives,
    title = {{Can tracking people through phone-call data improve lives?}},
    year = {2018},
    journal = {Nature News},
    author = {Maxmen, Amy},
    month = {5}
}

@article{Barcellos2021DataMetropolis,
    title = {{Data based model for predicting COVID-19 morbidity and mortality in metropolis}},
    year = {2021},
    journal = {Scientific Reports},
    author = {Barcellos, Demian da Silveira and Fernandes, Giovane Matheus Kayser and de Souza, Fábio Teodoro},
    number = {1},
    month = {12},
    pages = {24491},
    volume = {11},
    doi = {10.1038/s41598-021-04029-6},
    issn = {2045-2322}
}

@article{Phan2021EconomiesTech,
    title = {{Economies of Virtue: The Circulation of ‘Ethics’ in Big Tech}},
    year = {2021},
    journal = {Science as Culture},
    author = {Phan, Thao and Goldenfein, Jake and Mann, Monique and Kuch, Declan},
    month = {11},
    pages = {1--15},
    doi = {10.1080/09505431.2021.1990875},
    issn = {0950-5431}
}

@article{Martin2019EthicalAlgorithms,
    title = {{Ethical Implications and Accountability of Algorithms}},
    year = {2019},
    journal = {Journal of Business Ethics},
    author = {Martin, Kirsten},
    number = {4},
    month = {12},
    pages = {835--850},
    volume = {160},
    doi = {10.1007/s10551-018-3921-3},
    issn = {0167-4544}
}

@unpublished{ExperimentalismDocs.,
    title = {{Experimentalism and the Fourth Industrial Revolution {\#}OPEN Roundtable Summary Note: Experimentalism - Le Guin Part 2. Google Docs.}},
    institution = {University of Sussex Open Data Institute (ODI)}
}

@misc{Rainie2021ExpertsDecade,
    title = {{Experts Doubt Ethical AI Design Will Be Broadly Adopted as the Norm Within the Next Decade}},
    year = {2021},
    booktitle = {Pew Research Center: Internet, Science {\&} Tech},
    author = {Rainie, Lee and Anderson, Janna and Vogels, Emily A.},
    month = {6}
}

@article{Rainie2021ExpertsDecade.,
    title = {{Experts doubt ethical AI design will be broadly adopted as the norm within the next decade. }},
    year = {2021},
    journal = {Pew Research Center: Internet, Science {\&} Tech},
    author = {Rainie, Lee and Anderson, Janna and Vogels, Emily},
    month = {6}
}

@techreport{Phillips2021FourIntelligence,
    title = {{Four Principles of Explainable Artificial Intelligence}},
    year = {2021},
    author = {Phillips, P. Jonathon and Hahn, Carina A. and Fontana, Peter C. and Yates, Amy N. and Greene, Kristen and Broniatowski, David A. and Przybocki, Mark A.},
    month = {9},
    institution = {National Institute of Standards and Technology},
    address = {Gaithersburg, MD},
    doi = {10.6028/NIST.IR.8312}
}

@inproceedings{Montoya2019GovernmentCaribbean,
    title = {{Government AI Readiness Meta-Analysis for Latin America And The Caribbean}},
    year = {2019},
    booktitle = {2019 IEEE International Symposium on Technology and Society (ISTAS)},
    author = {Montoya, Laura and Rivas, Pablo},
    month = {11},
    pages = {1--8},
    publisher = {IEEE},
    isbn = {978-1-7281-5480-0},
    doi = {10.1109/ISTAS48451.2019.8937869}
}

@article{Bezuidenhout2018HiddenScientists,
    title = {{Hidden concerns of sharing research data by low/middle-income country scientists}},
    year = {2018},
    journal = {Global Bioethics},
    author = {Bezuidenhout, Louise and Chakauya, Ereck},
    number = {1},
    month = {1},
    pages = {39--54},
    volume = {29},
    doi = {10.1080/11287462.2018.1441780},
    issn = {1128-7462}
}

@article{Fendos2020HowResponse,
    title = {{How surveillance technology powered South Korea's COVID-19 response}},
    year = {2020},
    journal = {Brookings Tech Stream},
    author = {Fendos, Justin},
    month = {4}
}

@article{Etzioni2017IncorporatingIntelligence,
    title = {{Incorporating Ethics into Artificial Intelligence}},
    year = {2017},
    journal = {The Journal of Ethics},
    author = {Etzioni, Amitai and Etzioni, Oren},
    number = {4},
    month = {12},
    pages = {403--418},
    volume = {21},
    doi = {10.1007/s10892-017-9252-2},
    issn = {1382-4554}
}

@article{Hanson2012IndigenousMethodologies,
    title = {{Indigenous Research Methodologies}},
    year = {2012},
    journal = {International Journal of Critical Indigenous Studies},
    author = {Hanson, Cindy},
    number = {1},
    month = {1},
    pages = {93--95},
    volume = {5},
    doi = {10.5204/ijcis.v5i1.97},
    issn = {1837-0144}
}

@inproceedings{Rodriguez2019IntroducingLearning,
    title = {{Introducing Ethical Reinforcement Learning}},
    year = {2019},
    booktitle = {Responsible Artificial Intelligence Agents 2019},
    author = {Rodriguez, Manel and Lopez-Sanchez, Maite and Rodriguez-Aguilar, Juan Antonio},
    publisher = {https://spidercenter.org/wp-content/blogs.dir/437/files/2019/05/RAIA2019{\_}paper{\_}7.pdf}
}

@misc{Gonfalonieri2018InverseLearning,
    title = {{Inverse reinforcement learning}},
    year = {2018},
    booktitle = {https://towardsdatascience.com/},
    author = {Gonfalonieri, Alexandre},
    month = {12}
}

@article{Batuo2018LinkagesAfrica,
    title = {{Linkages between financial development, financial instability, financial liberalisation and economic growth in Africa}},
    year = {2018},
    journal = {Research in International Business and Finance},
    author = {Batuo, Michael and Mlambo, Kupukile and Asongu, Simplice},
    month = {10},
    pages = {168--179},
    volume = {45},
    doi = {10.1016/j.ribaf.2017.07.148},
    issn = {02755319}
}

@article{Wallach2008MachineFaculties,
    title = {{Machine morality: bottom-up and top-down approaches for modelling human moral faculties}},
    year = {2008},
    journal = {AI {\&} SOCIETY},
    author = {Wallach, Wendell and Allen, Colin and Smit, Iva},
    number = {4},
    month = {4},
    pages = {565--582},
    volume = {22},
    doi = {10.1007/s00146-007-0099-0},
    issn = {0951-5666}
}

@misc{Merriam-Webster2022Merriam-Webster,
    title = {{Merriam-Webster}},
    year = {2022},
    booktitle = {Merriam-Webster},
    author = {{Merriam-Webster}}
}

@inproceedings{Abebe2021NarrativesAfrica,
    title = {{Narratives and counternarratives on data sharing in Africa}},
    year = {2021},
    booktitle = {FAccT 2021 - Proceedings of the 2021 ACM Conference on Fairness, Accountability, and Transparency},
    author = {Abebe, Rediet and Aruleba, Kehinde and Birhane, Abeba and Kingsley, Sara and Obaido, George and Remy, Sekou L. and Sadagopan, Swathi},
    doi = {10.1145/3442188.3445897}
}

@misc{Constantouros2020OverviewFunding,
    title = {{Overview of Federal COVID-19 Research Funding}},
    year = {2020},
    booktitle = {lao.ca.gov},
    author = {Constantouros, Jason},
    month = {5}
}

@article{Fendos2020PARTReplicate,
    title = {{PART I: COVID-19 Contact Tracing: Why South Korea’s Success is Hard to Replicate}},
    year = {2020},
    journal = {Georgetown Journal of International Affairs},
    author = {Fendos, Justin},
    month = {10}
}

@article{Fjeld2020PrincipledAI,
    title = {{Principled Artificial Intelligence: Mapping Consensus in Ethical and Rights-Based Approaches to Principles for AI}},
    year = {2020},
    journal = {SSRN Electronic Journal},
    author = {Fjeld, Jessica and Achten, Nele and Hilligoss, Hannah and Nagy, Adam and Srikumar, Madhulika},
    doi = {10.2139/ssrn.3518482},
    issn = {1556-5068}
}

@misc{Bhatt2018Reinforcement101,
    title = {{Reinforcement learning 101}},
    year = {2018},
    booktitle = {https://towardsdatascience.com/reinforcement-learning-101-e24b50e1d292},
    author = {Bhatt, Shweta},
    month = {3}
}

@inproceedings{Abel2016ReinforcementMaking,
    title = {{Reinforcement Learning as a Framework for Ethical Decision Making}},
    year = {2016},
    booktitle = {The Workshops of the Thirtieth AAAI Conference on Artificial Intelligence AI, Ethics, and Society: Technical Report},
    author = {Abel, David and MacGlashan, James and Littman, Michael L.}
}

@article{Ecoffet2020ReinforcementUncertainty,
    title = {{Reinforcement Learning Under Moral Uncertainty}},
    year = {2020},
    author = {Ecoffet, Adrien and Lehman, Joel},
    month = {6},
    arxivId = {2006.04734}
}

@article{Najar2021ReinforcementSurvey,
    title = {{Reinforcement Learning With Human Advice: A Survey}},
    year = {2021},
    journal = {Frontiers in Robotics and AI},
    author = {Najar, Anis and Chetouani, Mohamed},
    month = {6},
    volume = {8},
    doi = {10.3389/frobt.2021.584075},
    issn = {2296-9144}
}

@book{Sutton2018ReinforcementEdition,
    title = {{Reinforcement Learning, Second Edition}},
    year = {2018},
    author = {Sutton, Richard and Barto, Andrew},
    edition = {2},
    publisher = {MIT Press}
}

@misc{Vachnadze2021ReinforcementMachines.,
    title = {{Reinforcement learning: Bottom-up programming for ethical machines.}},
    year = {2021},
    booktitle = {Medium.com},
    author = {Vachnadze, Giorgi},
    month = {2}
}

@article{Rahwan2018Society-in-the-loop:Contract,
    title = {{Society-in-the-loop: programming the algorithmic social contract}},
    year = {2018},
    journal = {Ethics and Information Technology},
    author = {Rahwan, Iyad},
    number = {1},
    month = {3},
    pages = {5--14},
    volume = {20},
    doi = {10.1007/s10676-017-9430-8},
    issn = {1388-1957}
}

@inproceedings{Noothigattu2019TeachingOrchestration,
    title = {{Teaching AI Agents Ethical Values Using Reinforcement Learning and Policy Orchestration}},
    year = {2019},
    booktitle = {Proceedings of the Twenty-Eighth International Joint Conference on Artificial Intelligence},
    author = {Noothigattu, Ritesh and Bouneffouf, Djallel and Mattei, Nicholas and Chandra, Rachita and Madan, Piyush and Varshney, Kush R. and Campbell, Murray and Singh, Moninder and Rossi, Francesca},
    month = {8},
    pages = {6377--6381},
    publisher = {International Joint Conferences on Artificial Intelligence Organization},
    address = {California},
    isbn = {978-0-9992411-4-1},
    doi = {10.24963/ijcai.2019/891}
}

@misc{TheInstituteforEthicalAiMachineLearning2021TheSystems.,
    title = {{The 8 principles for responsible development of AI {\&} Machine Learning systems.}},
    year = {2021},
    booktitle = {https://ethical.institute/principles.html},
    author = {{The Institute for Ethical Ai {\&} Machine Learning}},
    month = {12}
}

@book{Couldry2019TheCapitalism,
    title = {{The Costs of Connection How Data Is Colonizing Human Life and Appropriating It for Capitalism}},
    year = {2019},
    author = {Couldry, Nick and Mejias, Ulises A.},
    publisher = {Stanford University Press},
    address = {Stanford}
}

@misc{Moss2019TheCompanies.,
    title = {{The ethical dilemma at the heart of Big Tech Companies.}},
    year = {2019},
    booktitle = {Harvard Business Review},
    author = {Moss, Emmanuel and Metcalf, Jacob},
    month = {11}
}

@misc{2022TheSystems,
    title = {{The IEEE Global Initiative on Ethics of Autonomous and Intelligent Systems}},
    year = {2022},
    booktitle = {https://standards.ieee.org/},
    month = {1}
}

@article{Awad2018TheExperiment,
    title = {{The Moral Machine experiment}},
    year = {2018},
    journal = {Nature},
    author = {Awad, Edmond and Dsouza, Sohan and Kim, Richard and Schulz, Jonathan and Henrich, Joseph and Shariff, Azim and Bonnefon, Jean-François and Rahwan, Iyad},
    number = {7729},
    month = {11},
    pages = {59--64},
    volume = {563},
    doi = {10.1038/s41586-018-0637-6},
    issn = {0028-0836}
}

@article{Awad2018TheExperimentb,
    title = {{The Moral Machine experiment}},
    year = {2018},
    journal = {Nature},
    author = {Awad, Edmond and Dsouza, Sohan and Kim, Richard and Schulz, Jonathan and Henrich, Joseph and Shariff, Azim and Bonnefon, Jean-François and Rahwan, Iyad},
    number = {7729},
    month = {11},
    pages = {59--64},
    volume = {563},
    doi = {10.1038/s41586-018-0637-6},
    issn = {0028-0836}
}

@inproceedings{Whittlestone2019TheEthics,
    title = {{The Role and Limits of Principles in AI Ethics}},
    year = {2019},
    booktitle = {Proceedings of the 2019 AAAI/ACM Conference on AI, Ethics, and Society},
    author = {Whittlestone, Jess and Nyrup, Rune and Alexandrova, Anna and Cave, Stephen},
    month = {1},
    pages = {195--200},
    publisher = {ACM},
    address = {New York, NY, USA},
    isbn = {9781450363242},
    doi = {10.1145/3306618.3314289}
}

@misc{Eckart2020Top-downAI,
    title = {{Top-down AI: The Simpler, Data-Efficient AI}},
    year = {2020},
    booktitle = {10eqs.com},
    author = {Eckart, Peter},
    month = {2}
}

@book{Boddington2017TowardsIntelligence,
    title = {{Towards a Code of Ethics for Artificial Intelligence}},
    year = {2017},
    author = {Boddington, Paula},
    publisher = {Springer International Publishing},
    address = {Cham},
    isbn = {978-3-319-60647-7},
    doi = {10.1007/978-3-319-60648-4}
}

@book{ONeil2016WeaponsDemocracy,
    title = {{Weapons of Math Destruction: How Big Data Increases Inequality and Threatens Democracy}},
    year = {2016},
    author = {O’Neil, Cathy},
    publisher = {Crown Publishing Group}
}

@inproceedings{Raza2020WebInference,
    title = {{Web Data Extraction using Hybrid Program Synthesis: A Combination of Top-down and Bottom-up Inference}},
    year = {2020},
    booktitle = {Proceedings of the 2020 ACM SIGMOD International Conference on Management of Data},
    author = {Raza, Mohammad and Gulwani, Sumit},
    month = {6},
    pages = {1967--1978},
    publisher = {ACM},
    address = {New York, NY, USA},
    isbn = {9781450367356},
    doi = {10.1145/3318464.3380608}
}

@incollection{Bragg2018WhatLearning,
    title = {{What Is Acceptably Safe for Reinforcement Learning?}},
    year = {2018},
    author = {Bragg, John and Habli, Ibrahim},
    pages = {418--430},
    doi = {10.1007/978-3-319-99229-7{\_}35}
}

@article{SAGAR2021WhatAI,
    title = {{What is Hybrid AI?}},
    year = {2021},
    journal = {Analytics India Magazine},
    author = {SAGAR, RITIKA},
    month = {7}
}

@misc{Hooker2018WhyPrecision.,
    title = {{Why “data for good” lacks precision.}},
    year = {2018},
    booktitle = {https://towardsdatascience.com},
    author = {Hooker, Sara},
    month = {7}
}

@article{Walsh2016TheResearch,
    title = {{“The way the country has been carved up by researchers”: ethics and power in north–south public health research}},
    year = {2016},
    journal = {International Journal for Equity in Health},
    author = {Walsh, Aisling and Brugha, Ruairi and Byrne, Elaine},
    number = {1},
    month = {12},
    pages = {204},
    volume = {15},
    doi = {10.1186/s12939-016-0488-4},
    issn = {1475-9276}
}

@article{AnaneSarpong2018YouDatasharing,
    title = {{“You cannot collect data using your own resources and put It on open access”: Perspectives from Africa about public health data‐sharing}},
    year = {2018},
    journal = {Developing World Bioethics},
    author = {Anane‐Sarpong, Evelyn and Wangmo, Tenzin and Ward, Claire Leonie and Sankoh, Osman and Tanner, Marcel and Elger, Bernice Simone},
    number = {4},
    month = {12},
    pages = {394--405},
    volume = {18},
    doi = {10.1111/dewb.12159},
    issn = {1471-8731}
}