@article{floridi2019unified,
  journal = {Harvard Data Science Review},
doi = {10.1162/99608f92.8cd550d1},
number = {1},
note = {https://hdsr.mitpress.mit.edu/pub/l0jsh9d1},
title = {A Unified Framework of Five Principles for AI in Society},
url = {https://hdsr.mitpress.mit.edu/pub/l0jsh9d1},
volume = {1},
author = {Floridi, Luciano and Cowls, Josh},
date = {2019-06-23},
year = {2019},
month = {6},
day = {23},
}

@article{scott2018overview,
  title={An overview of attitudes toward genetically engineered food},
  author={Scott, Sydney E and Inbar, Yoel and Wirz, Christopher D and Brossard, Dominique and Rozin, Paul},
  journal={Annual Review of Nutrition},
  volume={38},
  pages={459--479},
  year={2018},
  publisher={Annual Reviews}
}

@unpublished{mittelstadt2019ai,
  title={AI Ethics--Too Principled to Fail?},
  author={Mittelstadt, Brent},
  note={Forthcoming in \textit{Nature Machine Intelligence}},
  url={https://dx.doi.org/10.2139/ssrn.3391293},
  year={2019}
}

@article{caughey2018policy,
  title={Policy preferences and policy change: Dynamic responsiveness in the American states, 1936--2014},
  author={Caughey, Devin and Warshaw, Christopher},
  journal={American Political Science Review},
  volume={112},
  number={2},
  pages={249--266},
  year={2018},
  publisher={Cambridge University Press}
}

@TechReport{west2019,
author = {Sarah Myers West and Meredith Whittaker and Kate Crawford},
title = {Discriminating Systems: Gender, Race and Power in AI},
institution = {AI Now Institute},
year = {2019},
url = {https://perma.cc/85VP-HL8R}
}

@book{oecdai,
   author = {{OECD}},
   title = {Artificial Intelligence in Society},
   year = {2019},
   doi = {https://doi.org/https://doi.org/10.1787/eedfee77-en}
}

@inproceedings{whittlestone2019role,
  title={The role and limits of principles in AI ethics: towards a focus on tensions},
  author={Whittlestone, Jess and Nyrup, Rune and Alexandrova, Anna and Cave, Stephen},
  booktitle={Proceedings of the 2019 AAAI/ACM Conference on AI, Ethics, and Society},
  pages={195--200},
  year={2019},
  organization={ACM}
}

@article{cave2019bridging,
  title={Bridging near-and long-term concerns about AI},
  author={Cave, Stephen and {\'O}h{\'E}igeartaigh, Se{\'a}n S},
  journal={Nature Machine Intelligence},
  volume={1},
  number={1},
  pages={5},
  year={2019},
  publisher={Nature Publishing Group}
}


@TechReport{zhang2019regulation,
author = {Baobao Zhang},
title = {Public Opinion Lessons for {AI} Regulation},
institution = {Brookings Institution},
year = {2019},
url = {https://perma.cc/B3FY-K6JH}
}

@TechReport{smith2019facial,
author = {Aaron Smith},
title = {More Than Half of U.S. Adults Trust Law Enforcement to Use Facial Recognition Responsibly},
institution = {Pew Research Center},
year = {2019},
url = {https://perma.cc/FUV7-5BDJ}
}

@article{siegrist2005perception,
  title={Perception of risk: the influence of general trust, and general confidence},
  author={Siegrist, Michael and Gutscher, Heinz and Earle, Timothy C},
  journal={Journal of Risk Research},
  volume={8},
  number={2},
  pages={145--156},
  year={2005},
  publisher={Taylor \& Francis}
}

@article{aghion2010regulation,
  title={Regulation and distrust},
  author={Aghion, Philippe and Algan, Yann and Cahuc, Pierre and Shleifer, Andrei},
  journal={The Quarterly Journal of Economics},
  volume={125},
  number={3},
  pages={1015--1049},
  year={2010},
  publisher={MIT Press}
}
@TechReport{smith2018,
  title={Public Attitudes Toward Technology Companies},
  author={Aaron Smith},
  year={2018},
  institution={Pew Research Center},
  type={Survey report},
  url={https://perma.cc/KSN6-6FRW}
}

@article{pitlik2015does,
  title={Does social distrust always lead to a stronger support for government intervention?},
  author={Pitlik, Hans and Kouba, Ludek},
  journal={Public Choice},
  volume={163},
  number={3-4},
  pages={355--377},
  year={2015},
  publisher={Springer}
}

@article{siegrist1999causal,
  title={A causal model explaining the perception and acceptance of gene technology 1},
  author={Siegrist, Michael},
  journal={Journal of Applied Social Psychology},
  volume={29},
  number={10},
  pages={2093--2106},
  year={1999},
  publisher={Wiley Online Library}
}

@article{siegrist2000influence,
  title={The influence of trust and perceptions of risks and benefits on the acceptance of gene technology},
  author={Siegrist, Michael},
  journal={Risk Analysis},
  volume={20},
  number={2},
  pages={195--204},
  year={2000},
  publisher={Wiley Online Library}
}

@article{lang2005does,
  title={Who does the public trust? The case of genetically modified food in the United States},
  author={Lang, John T and Hallman, William K},
  journal={Risk Analysis: An International Journal},
  volume={25},
  number={5},
  pages={1241--1252},
  year={2005},
  publisher={Wiley Online Library}
}

@article{olofsson2006attitudes,
  title={Attitudes to gene technology: the significance of trust in institutions},
  author={Olofsson, Anna and {\"O}hman, Susanna and Rashid, Saman},
  journal={European Societies},
  volume={8},
  number={4},
  pages={601--624},
  year={2006},
  publisher={Taylor \& Francis}
}


@article{marques2015attitudes,
  title={Attitudes to genetically modified food over time: How trust in organizations and the media cycle predict support},
  author={Marques, Mathew D and Critchley, Christine R and Walshe, Jarrod},
  journal={Public Understanding of Science},
  volume={24},
  number={5},
  pages={601--618},
  year={2015},
  publisher={SAGE Publications Sage UK: London, England}
}

@TechReport{funk2016new,
author = {Cary Funk and Brian Kennedy},
title = {The New Food Fights: U.S. Public Divides Over Food Science},
institution = {Pew Research Center},
year = {2016},
url = {https://perma.cc/TJ2L-K9JU}
}

@article{satterfield2009anticipating,
  title={Anticipating the perceived risk of nanotechnologies},
  author={Satterfield, Terre and Kandlikar, Milind and Beaudrie, Christian EH and Conti, Joseph and Harthorn, Barbara Herr},
  journal={Nature Nanotechnology},
  volume={4},
  number={11},
  pages={752},
  year={2009},
  publisher={Nature Publishing Group}
}

@article{macoubrie2004public,
  title={Public perceptions about nanotechnology: Risks, benefits and trust},
  author={Michael D. Cobb and Jane Macoubrie},
  journal={Journal of Nanoparticle Research},
  volume={6},
  number={4},
  pages={395--405},
  year={2004},
  publisher={Springer}
}

@article{macoubrie2006nanotechnology,
  title={Nanotechnology: public concerns, reasoning and trust in government},
  author={Macoubrie, Jane},
  journal={Public Understanding of Science},
  volume={15},
  number={2},
  pages={221--241},
  year={2006},
  publisher={Sage Publications Sage CA: Thousand Oaks, CA}
}

@article{siegrist2007laypeople,
  title={Laypeople's and experts' perception of nanotechnology hazards},
  author={Siegrist, Michael and Keller, Carmen and Kastenholz, Hans and Frey, Silvia and Wiek, Arnim},
  journal={Risk Analysis: An International Journal},
  volume={27},
  number={1},
  pages={59--69},
  year={2007},
  publisher={Wiley Online Library}
}

@article{siegrist2007public,
  title={Public acceptance of nanotechnology foods and food packaging: The influence of affect and trust},
  author={Siegrist, Michael and Cousin, Marie-Eve and Kastenholz, Hans and Wiek, Arnim},
  journal={Appetite},
  volume={49},
  number={2},
  pages={459--466},
  year={2007},
  publisher={Elsevier}
}

@article{horowitz2016public,
  title={Public opinion and the politics of the killer robots debate},
  author={Horowitz, Michael C},
  journal={Research \& Politics},
  volume={3},
  number={1},
  year={2016},
  publisher={SAGE Publications Sage UK: London, England},
  url={https://doi.org/10.1177/2053168015627183}
}

@article{young2018does,
  title={Does science fiction affect political fact? Yes and no: A survey experiment on “Killer Robots”},
  author={Young, Kevin L and Carpenter, Charli},
  journal={International Studies Quarterly},
  volume={62},
  number={3},
  pages={562--576},
  year={2018},
  publisher={Oxford University Press}
}

@inproceedings{saxena2019fairness,
  title={How Do Fairness Definitions Fare?: Examining Public Attitudes Towards Algorithmic Definitions of Fairness},
  author={Saxena, Nripsuta Ani and Huang, Karen and DeFilippis, Evan and Radanovic, Goran and Parkes, David C and Liu, Yang},
  booktitle={Proceedings of the 2019 AAAI/ACM Conference on AI, Ethics, and Society},
  pages={99--106},
  year={2019},
  organization={ACM}
}

@inproceedings{cave2019scary,
  title={Scary robots: examining public responses to AI},
  author={Cave, Stephen and Coughlan, Kate and Dihal, Kanta},
  booktitle={Proceedings of the 2019 AAAI/ACM Conference on AI, Ethics, and Society},
  pages={331--337},
  year={2019},
  organization={ACM}
}

@TechReport{politicallyneutral2019,
author = {Sophie-Charlotte Fischer and Andreas Wenger},
title = {A Politically Neutral Hub for Basic AI Research},
institution = {Center for Security Studies (CSS) at ETH Zurich},
year = {2019},
url = {https://perma.cc/JA6M-RDUS}
}

@TechReport{facevalue2019,
author = {{Ada Lovelace Institute}},
title = {Beyond face value: public attitudes to facial recognition technology},
institution = {Ada Lovelace Institute},
year = {2019},
url = {https://perma.cc/M4EG-N5MY}
}

@techreport{eurobarometer460,
  title={Special Eurobarometer 460: Attitudes towards the impact of digitisation and automation on daily life},
  author={Eurobarometer},
  year={2017},
  institution={Eurobarometer},
  url={https://perma.cc/9FRT-ADST}
}

@TechReport{rs2018,
  title={Public Views of Machine Learning: Findings from public research and engagement conducted on behalf of the Royal Society},
  author={{Ipsos MORI}},
  year={2018},
  institution={The Royal Society},
  type={Survey report},
  url={https://perma.cc/79FE-TEHH}
}

@techreport{smith2017,
  title={Automation in Everyday Life},
  author={Aaron Smith and Monica Anderson},
  year={2016},
  institution={Pew Research Center},
  url={https://perma.cc/WU6B-63PZ}
}

@techreport{doherty2019americans,
  title={Americans have become much less positive about tech companies’ impact on the U.S.},
  author={Carroll Doherty and Jocelyn Kiley},
  year={2019},
  institution={Pew Research Center},
  url={https://perma.cc/PHQ3-LD8D}
}

@techreport{gecewicz2019americans,
  title={Why Americans Don’t Fully Trust Many Who Hold Positions of Power and Responsibility},
  author={Claire Gecewicz and Lee Rainie},
  year={2019},
  institution={Pew Research Center},
  url={https://perma.cc/F75M-ZRYA}
}

@techreport{zhang2019artificial,
  title={Artificial intelligence: American attitudes and trends},
  author={Zhang, Baobao and Dafoe, Allan},
  institution={Centre for the Governance of AI, University of Oxford},
  year={2019},
  url={http://dx.doi.org/10.2139/ssrn.3312874}
}

@article{newton2017verge,
  title={The Verge Tech Survey},
  author={Casey Newton, Nick Statt, and Michael Zelenko},
  year={2017},
  journal={The Verge},
  url={https://perma.cc/F75M-ZRYA}
}

@article{molla2018facebook,
  title={Facebook is the least-trusted major tech company},
  author={Rani Molla},
  year={2018},
  journal={Recode},
  url={https://perma.cc/F75M-ZRYA}
}

@article{kahn2018americans,
  title={Americans less likely to trust Facebook than rivals on personal data: Reuters/Ipsos poll},
  author={Chris Kahn and David Ingram},
  year={2018},
  journal={Reuters},
  url={https://perma.cc/5KSL-2253}
}

@techreport{west2018divided,
  title={Brookings survey finds divided views on artificial intelligence for warfare, but support rises if adversaries are developing it},
  author={Darrell M. West},
  year={2018},
  type={Survey report},
  institution={Brookings Institution},
  url={https://perma.cc/3NJV-5GV4}
}

@article{nosek2018preregistration,
  title={The preregistration revolution},
  author={Nosek, Brian A and Ebersole, Charles R and DeHaven, Alexander C and Mellor, David T},
  journal={Proceedings of the National Academy of Sciences},
  pages={2600--2606},
  volume = {115},
  number = {11},
  year={2018}
}

@article{lin2016standard,
  title={Standard operating procedures: A safety net for pre-analysis plans},
  author={Lin, Winston and Green, Donald P},
  journal={PS: Political Science \& Politics},
  volume={49},
  number={3},
  pages={495--500},
  year={2016}
}

@article{funk2017,
  title={Real Numbers: Mixed Messages about Public Trust in Science},
  author={Cary Funk},
  journal={Issues in Science and Technology},
  volume={34},
  number={1},
  year={2017},
  url={https://perma.cc/UF9P-WSRL}
}