@article{raissi2019physics,
  title={{Physics-informed neural networks: A deep learning framework for solving forward and inverse problems involving nonlinear partial differential equations}},
  author={Raissi, Maziar and Perdikaris, Paris and Karniadakis, George E},
  journal={Journal of Computational Physics},
  volume={378},
  pages={686--707},
  year={2019},
  publisher={Elsevier}
}

@inproceedings{rico1994continuous,
  title={{Continuous-time nonlinear signal processing: a neural network based approach for gray box identification}},
  author={Rico-Martinez, R and Anderson, JS and Kevrekidis, IG},
  booktitle={Proceedings of IEEE Workshop on Neural Networks for Signal Processing},
  pages={596--605},
  year={1994},
  organization={IEEE}
}

@article{basu2022uncertainty,
  title={{Uncertainty quantification methods for ML-based surrogate models of scientific applications}},
  author={Basu, Kishore and others},
  journal={ML for Physical Sciences, NeurIPS 2022}, 
  year={2022},
}

@misc{gal2016uncertainty,
  title={{Uncertainty in deep learning}},
  author={Gal, Yarin},
  year={2016},
  howpublished={PhD thesis, University of Cambridge}
}

@article{he2023survey,
  title={{A Survey on Uncertainty Quantification Methods for Deep Neural Networks: An Uncertainty Source Perspective}},
  author={He, Wenchong and Jiang, Zhe},
  journal={arXiv preprint arXiv:2302.13425},
  year={2023}
}

@article{najm2009uncertainty,
  title={{Uncertainty quantification and polynomial chaos techniques in computational fluid dynamics}},
  author={Najm, Habib N},
  journal={Annual Review of Fluid Mechanics},
  volume={41},
  pages={35--52},
  year={2009},
  publisher={Annual Reviews}
}

@misc{zou2022neuraluq,
  title={{NeuralUQ: A comprehensive library for uncertainty quantification in neural differential equations and operators}},
  author={Zou, Zongren and Meng, Xuhui and Psaros, Apostolos F and Karniadakis, George Em},
  year={2022},
  howpublished={arXiv preprint arXiv:2208.11866},
  note={Available from cs.LG}
}

@article{nagatani2000density,
  title={{Density waves in traffic flow}},
  author={Nagatani, Takashi},
  journal={Physical Review E},
  volume={61},
  number={4},
  pages={3564},
  year={2000},
  publisher={APS}
}

@misc{naugolnykh2000nonlinear,
  title={{Nonlinear wave processes in acoustics}},
  author={Naugolnykh, Konstantin A and Ostrovsky, Lev A and Sapozhnikov, Oleg A and Hamilton, Mark F},
  year={2000},
  howpublished={Acoustical Society of America}
}

@article{shah2016solution,
  title={{Solution of Burger's Equation in a One-Dimensional Groundwater Recharge by Spreading Using q-Homotopy Analysis Method}},
  author={Shah, Kunjan},
  journal={European Journal of Pure and Applied Mathematics},
  volume={9},
  number={1},
  pages={114--124},
  year={2016}
}

@article{palmer2019stochastic,
  title={{Stochastic weather and climate models}},
  author={Palmer, TN},
  journal={Nature Reviews Physics},
  volume={1},
  number={7},
  pages={463--471},
  year={2019},
  publisher={Nature Publishing Group}
}

@article{adair2015reynolds,
  title={{Reynolds-averaged Navier--Stokes modeling of air pollution at the local urban scale}},
  author={Adair, Desmond and Jaeger, Martin},
  journal={Engineering Applications of Computational Fluid Dynamics},
  volume={4},
  pages={119--136},
  year={2015},
  publisher={Elsevier} 
}
 
@article{thuerey2020deep,
  title={{Deep learning methods for Reynolds-averaged Navier--Stokes simulations of airfoil flows}},
  author={Thuerey, Nils and Wei√üenow, Konstantin and Prantl, Lukas and Hu, Xiangyu},
  journal={AIAA Journal},
  volume={58},
  number={1},
  pages={25--36},
  year={2020},
  publisher={American Institute of Aeronautics and Astronautics}
}

@article{hassan2014numerical,
  title={{Numerical study on aerodynamic drag reduction of racing cars}},
  author={Hassan, SM Rakibul and Islam, Toukir and Ali, Mohammad and Islam, Md Quamrul},
  journal={Procedia Engineering},
  volume={90},
  pages={308--313},
  year={2014},
  publisher={Elsevier}
}

@article{liu2016navier,
  title={{Navier--Stokes predictions of dynamic stability derivatives for air-breathing hypersonic vehicle}},
  author={Liu, Xu and Liu, Wei and Zhao, Yunfei},
  journal={Acta Astronautica},
  volume={118},
  pages={262--285},
  year={2016},
  publisher={Elsevier}
}

@article{vos2002navier,
  title={{Navier--Stokes solvers in European aircraft design}},
  author={Vos, JB and Rizzi, Arthur and Darracq, D and Hirschel, EH},
  journal={Progress in Aerospace Sciences},
  volume={38},
  number={8},
  pages={601--697},
  year={2002},
  publisher={Elsevier}
}

@article{thomas2016blood,
  title={{Blood flow in human arterial system-A review}},
  author={Thomas, Blessy and Sumam, KS},
  journal={Procedia Technology},
  volume={24},
  pages={339--346},
  year={2016},
  publisher={Elsevier}
}

@article{AlbertoS,
  title={{A geometric multiscale model for the numerical simulation of blood flow in the human left heart}},
  author={Zingaro, Alberto and Fumagalli, Ivan and Dede, Luca and Fedele, Marco and Africa, Pasquale C. and Corno, Antonio F. and Quarteroni, Alfio},
  journal={Discrete and Continuous Dynamical Systems - S},
  volume={15},
  number={8},
  pages={2391--2427},
  year={2022},
  publisher={American Institute of Mathematical Sciences}
}
