@inproceedings{buolamwini2018gender,
  title={Gender Shades: Intersectional Accuracy Disparities in Commercial Gender Classification},
  author={Buolamwini, Joy and Gebru, Timnit},
  booktitle={Conference on Fairness, Accountability and Transparency},
  pages={77--91},
  year={2018},
  organization={PMLR},
  url = {http://proceedings.mlr.press/v81/buolamwini18a.html}
}

@inproceedings{rudnicka2020eworklife,
  title={Eworklife: Developing effective strategies for remote working during the COVID-19 pandemic},
  author={Rudnicka, Anna and Newbold, Joseph W and Cook, Dave and Cecchinato, Marta E and Gould, Sandy and Cox, Anna L},
  booktitle={Eworklife: developing effective strategies for remote working during the COVID-19 pandemic},
  year={2020},
  organization={The new future of work online symposium}
}

@misc{tucsurvey,
  title = {I'll be watching you. A report on workplace monitoring},
  author = {{Trades Union Congress}},
  url = {https://www.tuc.org.uk/research-analysis/reports/ill-be-watching-you},
  year = {2018}
  }

@article{ball2010workplace,
  title={Workplace Surveillance: An Overview},
  author={Ball, Kirstie},
  journal={Labor History},
  volume={51},
  number={1},
  pages={87--106},
  year={2010},
  publisher={Taylor \& Francis},
  doi = {https://doi.org/10.1080/00236561003654776}
}

@misc{eef_analysis,
  title = {Inside the Invasive, Secretive “Bossware” Tracking Workers},
  author = {Cyphers, Bennet and Gullo, Karen},
  url = {https://www.eff.org/deeplinks/2020/06/inside-invasive-secretive-bossware-tracking-workers},
  year = {2020}
}
  
  
@book{hidalgo2021humans,
  title={How humans judge machines},
  author={Hidalgo, C{\'e}sar A and Orghian, Diana and Canals, Jordi Albo and De Almeida, Filipa and Martin, Natalia},
  year={2021},
  publisher={MIT Press}
}

@misc{mckinsey,
  title = {Cybersecurity tactics for the coronavirus pandemic},
  author = {Boehm, Jim and Kaplan, James and Sorel, Marc and Sportsman, Nathan and Steen, Trevor},
  url = {https://www.mckinsey.com/~/media/McKinsey/Business\%20Functions/Risk/Our\%20Insights/Cybersecurity\%20tactics\%20for\%20the\%20coronavirus\%20pandemic/Cybersecurity-tactics-for-the-coronavirus-pandemic-vF.ashx},
  year = {2020}
}
  
  


@article{kawsar2018earables,
  title={Earables for personal-scale behavior analytics},
  author={Kawsar, Fahim and Min, Chulhong and Mathur, Akhil and Montanari, Allesandro},
  journal={IEEE Pervasive Computing},
  volume={17},
  number={3},
  pages={83--89},
  year={2018},
  publisher={IEEE}
}

@inproceedings{choi2021kairos,
  title={KAIROS: Talking heads and moving bodies for successful meetings},
  author={Choi, Jun-Ho and Constantinides, Marios and Joglekar, Sagar and Quercia, Daniele},
  booktitle={Proceedings of the 22nd International Workshop on Mobile Computing Systems and Applications},
  pages={30--36},
  year={2021}
}

@article{wang2018deep,
  title={Deep neural networks are more accurate than humans at detecting sexual orientation from facial images.},
  author={Wang, Yilun and Kosinski, Michal},
  journal={Journal of personality and social psychology},
  volume={114},
  number={2},
  pages={246},
  year={2018},
  publisher={American Psychological Association}
}
 
 @article{alge2013workplace,
  title={Workplace monitoring and surveillance research since “1984”: A review and agenda},
  author={Alge, Bradley J and Hansen, S Duane},
  journal={The psychology of workplace technology},
  pages={233--261},
  year={2013},
  publisher={Routledge}
}

@inproceedings{adib2013see,
  title={See through walls with WiFi!},
  author={Adib, Fadel and Katabi, Dina},
  booktitle={Proceedings of the ACM SIGCOMM 2013 conference on SIGCOMM},
  pages={75--86},
  year={2013}
}

@article{arrieta2020explainable,
  title={Explainable Artificial Intelligence (XAI): Concepts, taxonomies, opportunities and challenges toward responsible AI},
  author={Arrieta, Alejandro Barredo and others},
  journal={Information fusion},
  volume={58},
  pages={82--115},
  year={2020},
  publisher={Elsevier}
}

@article{peer2014reputation,
  title={Reputation as a sufficient condition for data quality on Amazon Mechanical Turk},
  author={Peer, Eyal and Vosgerau, Joachim and Acquisti, Alessandro},
  journal={Behavior Research Methods},
  volume={46},
  number={4},
  pages={1023--1031},
  year={2014},
  publisher={Springer}
}

@incollection{nippert2010islands,
  title={Islands of privacy},
  author={Nippert-Eng, Christena E},
  booktitle={Islands of Privacy},
  year={2010},
  publisher={University of Chicago Press}
}

@article{haidt2007new,
  title={The new synthesis in moral psychology},
  author={Haidt, Jonathan},
  journal={science},
  volume={316},
  number={5827},
  pages={998--1002},
  year={2007},
  publisher={American Association for the Advancement of Science}
}

@article{marchant2019best,
  title={What are best practices for ethical use of nanosensors for worker surveillance?},
  author={Marchant, Gary E},
  journal={AMA Journal of Ethics},
  volume={21},
  number={4},
  pages={356--362},
  year={2019},
  publisher={American Medical Association}
}

@article{kallio2021unobtrusive,
  title={Unobtrusive Continuous Stress Detection in Knowledge Work—Statistical Analysis on User Acceptance},
  author={Kallio, Johanna and Vildjiounaite, Elena and Kantorovitch, Julia and Kinnula, Atte and Bordallo L{\'o}pez, Miguel},
  journal={Sustainability},
  volume={13},
  number={4},
  pages={2003},
  year={2021},
  publisher={MDPI}
}

@article{jacobs2019employee,
  title={Employee acceptance of wearable technology in the workplace},
  author={Jacobs, Jesse V and Hettinger, Lawrence J and Huang, Yueng-Hsiang and Jeffries, Susan and Lesch, Mary F and Simmons, Lucinda A and Verma, Santosh K and Willetts, Joanna L},
  journal={Applied ergonomics},
  volume={78},
  pages={148--156},
  year={2019},
  publisher={Elsevier}
}