@article{bai2022constitutional,
  title={Constitutional AI: Harmlessness from AI feedback},
  author={Bai, Yuntao and Kadavath, Saurav and Kundu, Sandipan and Askell, Amanda and Kernion, Jackson and Jones, Andy and Chen, Anna and Goldie, Anna and Mirhoseini, Azalia and McKinnon, Cameron and others},
  journal={arXiv preprint arXiv:2212.08073},
  year={2022}
}

@misc{ovadya2023generative,
  doi = {10.48550/ARXIV.2302.00672},
  url = {https://arxiv.org/abs/2302.00672},
  author = {Ovadya, Aviv},
  keywords = {Human-Computer Interaction (cs.HC), Computation and Language (cs.CL), Information Retrieval (cs.IR), FOS: Computer and information sciences, FOS: Computer and information sciences},
  title = {{`Generative CI'} through {Collective Response Systems}},
  journal = {arXiv},
  year = {2023},
  copyright = {arXiv.org perpetual, non-exclusive license}
}

@inproceedings{konya2022elicitation,
title={{Elicitation Inference Optimization for Multi-Principal-Agent Alignment}},
author={Andrew Konya and Yeping Lina Qiu and Michael P Varga and Aviv Ovadya},
booktitle={NeurIPS Foundation Models for Decision Making Workshop},
year={2022},
url={https://openreview.net/forum?id=tkxnRPkb_H}
}

@misc{citizens2018,
  title = {{Citizens’ Review Statement of Question 1: An Initiative Petition for a Law Relative to Patient Safety and Hospital Transparency}},
  year = {2018},
  url = {https://healthydemocracy.org/wp-content/uploads/2018-MA-CIR-Final-Citizens-Statement.pdf}
}

@article{small2021polis,
  title={{Polis:: Scaling Deliberation by Mapping High Dimensional Opinion Spaces}},
  author={Small, Christopher and Bjorkegren, Michael and Erkkil{\"a}, Timo and Shaw, Lynette and Megill, Colin},
  journal={Recerca. Revista de Pensament i An{\`a}lisi},
  volume={26},
  number={2},
  pages={1--26},
  year={2021},
url = {https://www.e-revistes.uji.es/index.php/recerca/article/view/5516/6558}
}

@book{oecd2020innovative,
   author = {OECD},
   title = {{Innovative Citizen Participation and New Democratic Institutions}},
   year = "2020",
   pages = 196,
   url = "https://www.oecd-ilibrary.org/content/publication/339306da-en",
   doi = "https://doi.org/https://doi.org/10.1787/339306da-en" 
}

@article{irwin2021using,
author = {Irwin, Colin and Masood, Daanish and Wählisch, Martin and Konya, Andrew},
title = {{Using Artificial Intelligence in Peacemaking: The Libya Experience}},
journal = {A. WAPOR 74th Annual Conference},
year = {2021},
URL = {https://peacepolls.etinu.net/peacepolls/documents/009260.pdf}
}

@article{UN2021williams,
      title={{ASRSG Williams Conducts Digital Dialouge with 1000 Libyans}}, 
      year={2021},
      journal = {UN Press Release},
      url = {https://dppa.un.org/en/asrsg-williams-conducts-digital-dialogue-with-1000-libyans}
}

@article{UN2021jeanine,
      title={{SRSG Jeanine Hennis-Plasschaert conducts first “digital dialogue” with Iraqi voters}}, 
      year={2021},
      journal = {UN Press Release},
      url = {https://iraq.un.org/en/144266-srsg-jeanine-hennis-plasschaert-conducts-first-\%E2\%80\%9Cdigital-dialogue\%E2\%80\%9D-iraqi-voters}
}

@article{UN2020cutting,
      title={Cutting-edge tech in the service of inclusive peace in {Yemen}}, 
      year={2020},
      journal= {UN Press Release},
      url = {https://osesgy.unmissions.org/cutting-edge-tech-service-inclusive-peace-yemen}
}

@article{UN2022lynn,
      title={{Lynn's Digital Dialogue}}, 
      year={2022},
      journal = {UN media asset},
      url = {https://media.un.org/en/asset/k1h/k1hfzewbyv}
}

@article{UN2023carol,
      title={{Carol's voice from Haiti}}, 
      year={2023},
      journal = {UN media asset},
      url = {https://media.un.org/en/asset/k1m/k1m0fa5nrh}
}


@article{UN2023liita,
      title={{Liita's Conversa}}, 
      year={2022},
      journal = {UN media asset},
      url = {https://media.un.org/en/asset/k1t/k1tnalzsw8}
}

@article{growing2023tyson,
      title={Growing public concern about the role of artificial intelligence in daily life}, 
      year={2023},
    author= {Tyson, Alec  AND Kikuchi, Emma},
      journal = {Pew research},
      url = {https://www.pewresearch.org/short-reads/2023/08/28/growing-public-concern-about-the-role-of-artificial-intelligence-in-daily-life/}
}

@article{theory1971rawls,
      title={{A Theory of Justice}}, 
    author = {Rawls, John},
      year={1971},
      journal = {Harvard University Press}
}

@article{manual2010peck,
      title={{A Manual for UN Mediators: Advice from UN Representatives and Envoys}}, 
      year={2010},
    author = {Peck,Connie},
      journal = {United Nations Institute for Training and Research},
    url = {https://peacemaker.un.org/sites/peacemaker.un.org/files/ManualUNMediators_UN2010.pdf}
}

@article{guidence2012united,
      title={{Guidance for Effetive Mediation}}, 
      year={2012},
      journal = {United Nations},
    url = {https://peacemaker.un.org/sites/peacemaker.un.org/files/ManualUNMediators_UN2010.pdf}
}

@article{bilich2019faster,
  title={Faster Peace via Inclusivity: An Efficient Paradigm to Understand Populations in Conflict Zones},
  author={Bilich, Jordan and Varga, Michael and Masood, Daanish and Konya, Andrew},
  year ={2019},
  journal={NeurIPS Workshop on AI for Social Good},
    url={https://aiforsocialgood.github.io/neurips2019/accepted/track1/pdfs/105_aisg_neurips2019.pdf}
}

@article{ovadya2022bridging,
  title={Bridging-Based Ranking},
  author={Ovadya, Aviv and Thorburn, Luke},
  journal={Harvard Kennedy School Belfer Center for Science and International Affairs},
  year={2022},
url = {https://lukethorburn.com/files/BridgingBasedRanking-PluralitySpringSymposium.pdf}

}

@misc{wojcik2022birdwatch,
      title={Birdwatch: Crowd Wisdom and Bridging Algorithms can Inform Understanding and Reduce the Spread of Misinformation}, 
      author={Stefan Wojcik and Sophie Hilgard and Nick Judd and Delia Mocanu and Stephen Ragain and M. B. Fallin Hunzaker and Keith Coleman and Jay Baxter},
      year={2022},
      eprint={2210.15723},
      archivePrefix={arXiv},
      primaryClass={cs.SI},
url = {https://arxiv.org/pdf/2210.15723.pdf}
}

@article{recommendation2022bridging,
  title={Bridging-Based Ranking},
  author={Recommendation, How Platform},
journal={Harvard Kennedy School Belfer Center for Science and International Affairs},
  year={2022},
url = {https://www.belfercenter.org/sites/default/files/files/publication/TAPP-Aviv_BridgingBasedRanking_FINAL_220518_0.pdf}
}