 @article{park2023generative,
  title={Generative agents: Interactive simulacra of human behavior},
  author={Park, Joon Sung and O'Brien, Joseph C and Cai, Carrie J and Morris, Meredith Ringel and Liang, Percy and Bernstein, Michael S},
  journal={arXiv preprint arXiv:2304.03442},
  year={2023}
}

@article{li2023ethics,
  title={Ethics of large language models in medicine and medical research},
  author={Li, Hanzhou and Moon, John T and Purkayastha, Saptarshi and Celi, Leo Anthony and Trivedi, Hari and Gichoya, Judy W},
  journal={The Lancet Digital Health},
  volume={5},
  number={6},
  pages={e333--e335},
  year={2023},
  publisher={Elsevier}
}

@article{bhattaram2023chatgpt,
  title={ChatGPT: The next-gen tool for triaging?},
  author={Bhattaram, Suhrith and Shinde, Varsha S and Khumujam, Princy Panthoi},
  journal={The American journal of emergency medicine},
  volume={69},
  pages={215--217},
  year={2023}
}

@article{sushil2022developing,
  title={Developing a general-purpose clinical language inference model from a large corpus of clinical notes},
  author={Sushil, Madhumita and Ludwig, Dana and Butte, Atul J and Rudrapatna, Vivek A},
  journal={arXiv preprint arXiv:2210.06566},
  year={2022}
}

@article{wang2022self,
  title={Self-consistency improves chain of thought reasoning in language models},
  author={Wang, Xuezhi and Wei, Jason and Schuurmans, Dale and Le, Quoc and Chi, Ed and Narang, Sharan and Chowdhery, Aakanksha and Zhou, Denny},
  journal={arXiv preprint arXiv:2203.11171},
  year={2022}
}

@article{yang2022large,
  title={A large language model for electronic health records},
  author={Yang, Xi and Chen, Aokun and PourNejatian, Nima and Shin, Hoo Chang and Smith, Kaleb E and Parisien, Christopher and Compas, Colin and Martin, Cheryl and Costa, Anthony B and Flores, Mona G and others},
  journal={npj Digital Medicine},
  volume={5},
  number={1},
  pages={194},
  year={2022},
  publisher={Nature Publishing Group UK London}
}
@article{lester2021power,
  title={The power of scale for parameter-efficient prompt tuning},
  author={Lester, Brian and Al-Rfou, Rami and Constant, Noah},
  journal={arXiv preprint arXiv:2104.08691},
  year={2021}
}
@article{li2021prefix,
  title={Prefix-tuning: Optimizing continuous prompts for generation},
  author={Li, Xiang Lisa and Liang, Percy},
  journal={arXiv preprint arXiv:2101.00190},
  year={2021}
}

@article{kanjee2023accuracy,
  title={Accuracy of a Generative Artificial Intelligence Model in a Complex Diagnostic Challenge},
  author={Kanjee, Zahir and Crowe, Byron and Rodman, Adam},
  journal={JAMA},
  year={2023}
}

@article{wei2021finetuned,
  title={Finetuned language models are zero-shot learners},
  author={Wei, Jason and Bosma, Maarten and Zhao, Vincent Y and Guu, Kelvin and Yu, Adams Wei and Lester, Brian and Du, Nan and Dai, Andrew M and Le, Quoc V},
  journal={arXiv preprint arXiv:2109.01652},
  year={2021}
}

@article{keating2013tumor,
  title={Tumor boards and the quality of cancer care},
  author={Keating, Nancy L and Landrum, Mary Beth and Lamont, Elizabeth B and Bozeman, Samuel R and Shulman, Lawrence N and McNeil, Barbara J},
  journal={Journal of the National Cancer Institute},
  volume={105},
  number={2},
  pages={113--121},
  year={2013},
  publisher={Oxford University Press US}
}

@misc{lehman2023clinical,
  title={Clinical-t5: Large language models built using mimic clinical text},
  author={Lehman, Eric and Johnson, Alistair},
  year={2023},
  publisher={PhysioNet}
}

@article{ma2023impressiongpt,
  title={ImpressionGPT: an iterative optimizing framework for radiology report summarization with chatGPT},
  author={Ma, Chong and Wu, Zihao and Wang, Jiaqi and Xu, Shaochen and Wei, Yaonai and Liu, Zhengliang and Guo, Lei and Cai, Xiaoyan and Zhang, Shu and Zhang, Tuo and others},
  journal={arXiv preprint arXiv:2304.08448},
  year={2023}
}

@article{cobbe2021training,
  title={Training verifiers to solve math word problems},
  author={Cobbe, Karl and Kosaraju, Vineet and Bavarian, Mohammad and Chen, Mark and Jun, Heewoo and Kaiser, Lukasz and Plappert, Matthias and Tworek, Jerry and Hilton, Jacob and Nakano, Reiichiro and others},
  journal={arXiv preprint arXiv:2110.14168},
  year={2021}
}

@article{zhou2022large,
  title={Large language models are human-level prompt engineers},
  author={Zhou, Yongchao and Muresanu, Andrei Ioan and Han, Ziwen and Paster, Keiran and Pitis, Silviu and Chan, Harris and Ba, Jimmy},
  journal={arXiv preprint arXiv:2211.01910},
  year={2022}
}

@article{zoph2022emergent,
  title={Emergent abilities of large language models},
  author={Zoph, Barret and Raffel, Colin and Schuurmans, Dale and Yogatama, Dani and Zhou, Denny and Metzler, Don and Chi, Ed H and Wei, Jason and Dean, Jeff and Fedus, Liam B and others},
  year={2022}
}
@article{bubeck2023sparks,
  title={Sparks of artificial general intelligence: Early experiments with gpt-4},
  author={Bubeck, S{\'e}bastien and Chandrasekaran, Varun and Eldan, Ronen and Gehrke, Johannes and Horvitz, Eric and Kamar, Ece and Lee, Peter and Lee, Yin Tat and Li, Yuanzhi and Lundberg, Scott and others},
  journal={arXiv preprint arXiv:2303.12712},
  year={2023}
}
@article{wei2022chain,
  title={Chain of thought prompting elicits reasoning in large language models},
  author={Wei, Jason and Wang, Xuezhi and Schuurmans, Dale and Bosma, Maarten and Chi, Ed and Le, Quoc and Zhou, Denny},
  journal={arXiv preprint arXiv:2201.11903},
  year={2022}
}

@article{brown2020language,
  title={Language models are few-shot learners},
  author={Brown, Tom and Mann, Benjamin and Ryder, Nick and Subbiah, Melanie and Kaplan, Jared D and Dhariwal, Prafulla and Neelakantan, Arvind and Shyam, Pranav and Sastry, Girish and Askell, Amanda and others},
  journal={Advances in neural information processing systems},
  volume={33},
  pages={1877--1901},
  year={2020}
}

@article{bommasani2021opportunities,
  title={On the opportunities and risks of foundation models},
  author={Bommasani, Rishi and Hudson, Drew A and Adeli, Ehsan and Altman, Russ and Arora, Simran and von Arx, Sydney and Bernstein, Michael S and Bohg, Jeannette and Bosselut, Antoine and Brunskill, Emma and others},
  journal={arXiv preprint arXiv:2108.07258},
  year={2021}
}

@article{arora2023promise,
  title={The promise of large language models in health care},
  author={Arora, Anmol and Arora, Ananya},
  journal={The Lancet},
  volume={401},
  number={10377},
  pages={641},
  year={2023},
  publisher={Elsevier}
}

@article{huang2022towards,
  title={Towards Reasoning in Large Language Models: A Survey},
  author={Huang, Jie and Chang, Kevin Chen-Chuan},
  journal={arXiv preprint arXiv:2212.10403},
  year={2022}
}

@article{singhal2022large,
  title={Large Language Models Encode Clinical Knowledge},
  author={Singhal, Karan and Azizi, Shekoofeh and Tu, Tao and Mahdavi, S Sara and Wei, Jason and Chung, Hyung Won and Scales, Nathan and Tanwani, Ajay and Cole-Lewis, Heather and Pfohl, Stephen and others},
  journal={arXiv preprint arXiv:2212.13138},
  year={2022}
}

@article{lievin2022can,
  title={Can large language models reason about medical questions?},
  author={Li{\'e}vin, Valentin and Hother, Christoffer Egeberg and Winther, Ole},
  journal={arXiv preprint arXiv:2207.08143},
  year={2022}
}


@article{holmes2023evaluating,
  title={Evaluating large language models on a highly-specialized topic, radiation oncology physics},
  author={Holmes, Jason and Liu, Zhengliang and Zhang, Lian and Ding, Yuzhen and Sio, Terence T and McGee, Lisa A and Ashman, Jonathan B and Li, Xiang and Liu, Tianming and Shen, Jiajian and others},
  journal={arXiv preprint arXiv:2304.01938},
  year={2023}
}


@inproceedings{agrawal2022large,
  title={Large language models are few-shot clinical information extractors},
  author={Agrawal, Monica and Hegselmann, Stefan and Lang, Hunter and Kim, Yoon and Sontag, David},
  booktitle={Proceedings of the 2022 Conference on Empirical Methods in Natural Language Processing},
  pages={1998--2022},
  year={2022}
}


@article{dash2023evaluation,
  title={Evaluation of GPT-3.5 and GPT-4 for supporting real-world information needs in healthcare delivery},
  author={Dash, Debadutta and Thapa, Rahul and Banda, Juan M and Swaminathan, Akshay and Cheatham, Morgan and Kashyap, Mehr and Kotecha, Nikesh and Chen, Jonathan H and Gombar, Saurabh and Downing, Lance and others},
  journal={arXiv preprint arXiv:2304.13714},
  year={2023}
}

@article{somashekhar2018watson,
  title={Watson for Oncology and breast cancer treatment recommendations: agreement with an expert multidisciplinary tumor board},
  author={Somashekhar, SP and Sep{\'u}lveda, M-J and Puglielli, S and Norden, AD and Shortliffe, Edward H and Kumar, C Rohit and Rauthan, A and Kumar, N Arun and Patil, P and Rhee, Kyu and others},
  journal={Annals of Oncology},
  volume={29},
  number={2},
  pages={418--423},
  year={2018},
  publisher={Elsevier}
}

@article{hamamoto2022introducing,
  title={Introducing AI to the molecular tumor board: one direction toward the establishment of precision medicine using large-scale cancer clinical and biological information},
  author={Hamamoto, Ryuji and Koyama, Takafumi and Kouno, Nobuji and Yasuda, Tomohiro and Yui, Shuntaro and Sudo, Kazuki and Hirata, Makoto and Sunami, Kuniko and Kubo, Takashi and Takasawa, Ken and others},
  journal={Experimental Hematology \& Oncology},
  volume={11},
  number={1},
  pages={82},
  year={2022},
  publisher={Springer}
}

@article{nori2023capabilities,
  title={Capabilities of gpt-4 on medical challenge problems},
  author={Nori, Harsha and King, Nicholas and McKinney, Scott Mayer and Carignan, Dean and Horvitz, Eric},
  journal={arXiv preprint arXiv:2303.13375},
  year={2023}
}


@article{liu2023pre,
  title={Pre-train, prompt, and predict: A systematic survey of prompting methods in natural language processing},
  author={Liu, Pengfei and Yuan, Weizhe and Fu, Jinlan and Jiang, Zhengbao and Hayashi, Hiroaki and Neubig, Graham},
  journal={ACM Computing Surveys},
  volume={55},
  number={9},
  pages={1--35},
  year={2023},
  publisher={ACM New York, NY}
}

@article{nadkarni2011natural,
  title={Natural language processing: an introduction},
  author={Nadkarni, Prakash M and Ohno-Machado, Lucila and Chapman, Wendy W},
  journal={Journal of the American Medical Informatics Association},
  volume={18},
  number={5},
  pages={544--551},
  year={2011},
  publisher={BMJ Group BMA House, Tavistock Square, London, WC1H 9JR}
}

@article{fleming2023assessing,
  title={Assessing the Potential of USMLE-Like Exam Questions Generated by GPT-4},
  author={Fleming, Scott L and Morse, Keith and Kumar, Aswathi M and Chiang, Chia-Chun and Patel, Birju and Brunskill, Emma P and Shah, Nigam},
  journal={medRxiv},
  pages={2023--04},
  year={2023},
  publisher={Cold Spring Harbor Laboratory Press}
}




@article{sinsky2016allocation,
  title={Allocation of physician time in ambulatory practice: a time and motion study in 4 specialties},
  author={Sinsky, Christine and Colligan, Lacey and Li, Ling and Prgomet, Mirela and Reynolds, Sam and Goeders, Lindsey and Westbrook, Johanna and Tutty, Michael and Blike, George},
  journal={Annals of internal medicine},
  volume={165},
  number={11},
  pages={753--760},
  year={2016},
  publisher={American College of Physicians}
}

@article{lee2023benefits,
  title={Benefits, Limits, and Risks of GPT-4 as an AI Chatbot for Medicine},
  author={Lee, Peter and Bubeck, Sebastien and Petro, Joseph},
  journal={New England Journal of Medicine},
  volume={388},
  number={13},
  pages={1233--1239},
  year={2023},
  publisher={Mass Medical Soc}
}

@article{serag2019translational,
  title={Translational AI and deep learning in diagnostic pathology},
  author={Serag, Ahmed and Ion-Margineanu, Adrian and Qureshi, Hammad and McMillan, Ryan and Saint Martin, Marie-Judith and Diamond, Jim and O'Reilly, Paul and Hamilton, Peter},
  journal={Frontiers in medicine},
  volume={6},
  pages={185},
  year={2019},
  publisher={Frontiers Media SA}
}

@article{korngiebel2021considering,
  title={Considering the possibilities and pitfalls of Generative Pre-trained Transformer 3 (GPT-3) in healthcare delivery},
  author={Korngiebel, Diane M and Mooney, Sean D},
  journal={NPJ Digital Medicine},
  volume={4},
  number={1},
  pages={93},
  year={2021},
  publisher={Nature Publishing Group UK London}
}

@article{tai2017electronic,
  title={Electronic health record logs indicate that physicians split time evenly between seeing patients and desktop medicine},
  author={Tai-Seale, Ming and Olson, Cliff W and Li, Jinnan and Chan, Albert S and Morikawa, Criss and Durbin, Meg and Wang, Wei and Luft, Harold S},
  journal={Health affairs},
  volume={36},
  number={4},
  pages={655--662},
  year={2017}
}

@article{gu2021domain,
  title={Domain-specific language model pretraining for biomedical natural language processing},
  author={Gu, Yu and Tinn, Robert and Cheng, Hao and Lucas, Michael and Usuyama, Naoto and Liu, Xiaodong and Naumann, Tristan and Gao, Jianfeng and Poon, Hoifung},
  journal={ACM Transactions on Computing for Healthcare (HEALTH)},
  volume={3},
  number={1},
  pages={1--23},
  year={2021},
  publisher={ACM New York, NY}
}

@article{kather2023artificial,
  title={Artificial intelligence in oncology: chances and pitfalls},
  author={Kather, Jakob Nikolas},
  journal={Journal of Cancer Research and Clinical Oncology},
  pages={1--2},
  year={2023},
  publisher={Springer}
}

@article{wang2023chatcad,
  title={Chatcad: Interactive computer-aided diagnosis on medical image using large language models},
  author={Wang, Sheng and Zhao, Zihao and Ouyang, Xi and Wang, Qian and Shen, Dinggang},
  journal={arXiv preprint arXiv:2302.07257},
  year={2023}
}

@article{rasmy2021med,
  title={Med-BERT: pretrained contextualized embeddings on large-scale structured electronic health records for disease prediction},
  author={Rasmy, Laila and Xiang, Yang and Xie, Ziqian and Tao, Cui and Zhi, Degui},
  journal={NPJ digital medicine},
  volume={4},
  number={1},
  pages={86},
  year={2021},
  publisher={Nature Publishing Group UK London}
}

@article{parnami2203learning,
  title={Learning from few examples: A summary of approaches to few-shot learning. arXiv 2022},
  author={Parnami, A and Lee, M},
  journal={arXiv preprint arXiv:2203.04291}
}

@inproceedings{golmaei2021deepnote,
  title={DeepNote-GNN: predicting hospital readmission using clinical notes and patient network},
  author={Golmaei, Sara Nouri and Luo, Xiao},
  booktitle={Proceedings of the 12th ACM Conference on Bioinformatics, Computational Biology, and Health Informatics},
  pages={1--9},
  year={2021}
}

@article{ouyang2022training,
  title={Training language models to follow instructions with human feedback},
  author={Ouyang, Long and Wu, Jeffrey and Jiang, Xu and Almeida, Diogo and Wainwright, Carroll and Mishkin, Pamela and Zhang, Chong and Agarwal, Sandhini and Slama, Katarina and Ray, Alex and others},
  journal={Advances in Neural Information Processing Systems},
  volume={35},
  pages={27730--27744},
  year={2022}
}
@inproceedings{amba2021dynamic,
  title={Dynamic language models for continuously evolving content},
  author={Amba Hombaiah, Spurthi and Chen, Tao and Zhang, Mingyang and Bendersky, Michael and Najork, Marc},
  booktitle={Proceedings of the 27th ACM SIGKDD Conference on Knowledge Discovery \& Data Mining},
  pages={2514--2524},
  year={2021}
}

@article{bakker2022fine,
  title={Fine-tuning language models to find agreement among humans with diverse preferences},
  author={Bakker, Michiel and Chadwick, Martin and Sheahan, Hannah and Tessler, Michael and Campbell-Gillingham, Lucy and Balaguer, Jan and McAleese, Nat and Glaese, Amelia and Aslanides, John and Botvinick, Matt and others},
  journal={Advances in Neural Information Processing Systems},
  volume={35},
  pages={38176--38189},
  year={2022}
}

% https://wires.onlinelibrary.wiley.com/doi/full/10.1002/widm.1434

@article{liang2022holistic,
  title={Holistic evaluation of language models},
  author={Liang, Percy and Bommasani, Rishi and Lee, Tony and Tsipras, Dimitris and Soylu, Dilara and Yasunaga, Michihiro and Zhang, Yian and Narayanan, Deepak and Wu, Yuhuai and Kumar, Ananya and others},
  journal={arXiv preprint arXiv:2211.09110},
  year={2022}
}

@article{fries2022bigbio,
      title={BigBIO: A Framework for Data-Centric Biomedical Natural Language Processing}, 
      author={Jason Alan Fries and Leon Weber and Natasha Seelam and Gabriel Altay and Debajyoti Datta and Samuele Garda and Myungsun Kang and Ruisi Su and Wojciech Kusa and Samuel Cahyawijaya and Fabio Barth and Simon Ott and Matthias Samwald and Stephen Bach and Stella Biderman and Mario Sänger and Bo Wang and Alison Callahan and Daniel León Periñán and Théo Gigant and Patrick Haller and Jenny Chim and Jose David Posada and John Michael Giorgi and Karthik Rangasai Sivaraman and Marc Pàmies and Marianna Nezhurina and Robert Martin and Michael Cullan and Moritz Freidank and Nathan Dahlberg and Shubhanshu Mishra and Shamik Bose and Nicholas Michio Broad and Yanis Labrak and Shlok S Deshmukh and Sid Kiblawi and Ayush Singh and Minh Chien Vu and Trishala Neeraj and Jonas Golde and Albert Villanova del Moral and Benjamin Beilharz},
      year={2022},
        journal={arXiv preprint arXiv:2206.15076}
}

@article{lehman2023we,
  title={Do We Still Need Clinical Language Models?},
  author={Lehman, Eric and Hernandez, Evan and Mahajan, Diwakar and Wulff, Jonas and Smith, Micah J and Ziegler, Zachary and Nadler, Daniel and Szolovits, Peter and Johnson, Alistair and Alsentzer, Emily},
  journal={arXiv preprint arXiv:2302.08091},
  year={2023}
}

@article{lin2022teaching,
      title={Teaching Models to Express Their Uncertainty in Words}, 
      author={Stephanie Lin and Jacob Hilton and Owain Evans},
      year={2022},
      journal={arXiv preprint arXiv:2205.14334},
}

@misc{shen2023chatgpt,
  title={ChatGPT and other large language models are double-edged swords},
  author={Shen, Yiqiu and Heacock, Laura and Elias, Jonathan and Hentel, Keith D and Reig, Beatriu and Shih, George and Moy, Linda},
  journal={Radiology},
  volume={307},
  number={2},
  pages={e230163},
  year={2023},
  publisher={Radiological Society of North America}
}

@article{ayers2023comparing,
  title={Comparing physician and artificial intelligence chatbot responses to patient questions posted to a public social media forum},
  author={Ayers, John W and Poliak, Adam and Dredze, Mark and Leas, Eric C and Zhu, Zechariah and Kelley, Jessica B and Faix, Dennis J and Goodman, Aaron M and Longhurst, Christopher A and Hogarth, Michael and others},
  journal={JAMA Internal Medicine},
  year={2023}
}

@article{biswas2023using,
  title={Using chatGPT for Insurance: Current and Prospective Roles},
  author={Biswas, Som},
  journal={Available at SSRN 4405394},
  year={2023}
}

@article{yang2023auto,
  title={Auto-GPT for Online Decision Making: Benchmarks and Additional Opinions},
  author={Yang, Hui and Yue, Sifu and He, Yunzhong},
  journal={arXiv preprint arXiv:2306.02224},
  year={2023}
}

@article{sorin2023large,
  title={Large language model (ChatGPT) as a support tool for breast tumor board},
  author={Sorin, Vera and Klang, Eyal and Sklair-Levy, Miri and Cohen, Israel and Zippel, Douglas B and Balint Lahat, Nora and Konen, Eli and Barash, Yiftach},
  journal={NPJ Breast Cancer},
  volume={9},
  number={1},
  pages={44},
  year={2023},
  publisher={Nature Publishing Group UK London}
}

@article{bankes2002agent,
  title={Agent-based modeling: A revolution?},
  author={Bankes, Steven C},
  journal={Proceedings of the National Academy of Sciences},
  volume={99},
  number={suppl\_3},
  pages={7199--7200},
  year={2002},
  publisher={National Acad Sciences}
}

@article{zayyan2011objective,
  title={Objective structured clinical examination: the assessment of choice},
  author={Zayyan, Marliyya},
  journal={Oman medical journal},
  volume={26},
  number={4},
  pages={219},
  year={2011},
  publisher={Oman Medical Specialty Board}
}

@article{waymo1,
  title={Inside Waymo's Secret World for Training Self-Driving Cars},
  author={Madrigal, Alexis C},
  journal={The Atlantic},
  year={2018}
}

@article{waymo2,
  title={Welcome to Simulation City, the virtual world where Waymo tests its autonomous vehicles},
  author={Hawkins, Andrew C},
  journal={The Verge},
  year={2021}
}

@misc{nvidia,
  title={NeMo-Guardrails},
howpublished = {\url{https://github.com/NVIDIA/NeMo-Guardrails}},
  year={2023}
}

@article{bonabeau2002agent,
  title={Agent-based modeling: Methods and techniques for simulating human systems},
  author={Bonabeau, Eric},
  journal={Proceedings of the national academy of sciences},
  volume={99},
  number={suppl\_3},
  pages={7280--7287},
  year={2002},
  publisher={National Acad Sciences}
}

@article{tracy2018agent,
  title={Agent-based modeling in public health: current applications and future directions},
  author={Tracy, Melissa and Cerd{\'a}, Magdalena and Keyes, Katherine M},
  journal={Annual review of public health},
  volume={39},
  pages={77--94},
  year={2018},
  publisher={Annual Reviews}
}

@inproceedings{lu2022fantastically,
  title={Fantastically Ordered Prompts and Where to Find Them: Overcoming Few-Shot Prompt Order Sensitivity},
  author={Lu, Yao and Bartolo, Max and Moore, Alastair and Riedel, Sebastian and Stenetorp, Pontus},
  booktitle={Proceedings of the 60th Annual Meeting of the Association for Computational Linguistics (Volume 1: Long Papers)},
  pages={8086--8098},
  year={2022}
}
@misc{DrChatbot,
  title = {Introducing Dr. Chatbot},
  howpublished = {\url{https://today.ucsd.edu/story/introducing-dr-chatbot}}
}
@article{fagnant2014travel,
  title={The travel and environmental implications of shared autonomous vehicles, using agent-based model scenarios},
  author={Fagnant, Daniel J and Kockelman, Kara M},
  journal={Transportation Research Part C: Emerging Technologies},
  volume={40},
  pages={1--13},
  year={2014},
  publisher={Elsevier}
}

@article{levine2023diagnostic,
  title={The diagnostic and triage accuracy of the GPT-3 artificial intelligence model},
  author={Levine, David M and Tuwani, Rudraksh and Kompa, Benjamin and Varma, Amita and Finlayson, Samuel G and Mehrotra, Ateev and Beam, Andrew},
  journal={medRxiv},
  pages={2023--01},
  year={2023},
  publisher={Cold Spring Harbor Laboratory Press}
}

@article{wornow2023shaky,
  title={The shaky foundations of large language models and foundation models for electronic health records},
  author={Wornow, Michael and Xu, Yizhe and Thapa, Rahul and Patel, Birju and Steinberg, Ethan and Fleming, Scott and Pfeffer, Michael A and Fries, Jason and Shah, Nigam H},
  journal={npj Digital Medicine},
  volume={6},
  number={1},
  pages={135},
  year={2023},
  publisher={Nature Publishing Group UK London}
}