
@Misc{AR1,
  title={Ethical concerns mount as {AI} takes bigger decision-making role in more industries},
  author={Christina Pazzanese},
  howpublished = {\url{https://news.harvard.edu/gazette/story/2020/10/ethical-concerns-mount-as-ai-takes-bigger-decision-making-role/}},
  note={accessed on 2022-04-05}
}

@article{vallor2017artificial,
  title={Artificial intelligence and the ethics of self-learning robots},
  author={Vallor, Shannon and Bekey, George A},
  year={2017},
  publisher={Oxford University Press}
}

@Misc{AR2,
  title={Ethics Guidelines For TrustWorthy {AI}},
  author={{High-Level Expert Group on Artificial Intelligence}},
  howpublished = {\url{https://www.aepd.es/sites/default/files/2019-12/ai-ethics-guidelines.pdf}},
  note={accessed on 2022-04-06}
}


@Misc{AR3,
  title={Worldwide {DevOps} Software Forecast Update, 2017–2021},
  author={Jeffrey Dastin},
  howpublished = {\url{https://www.reuters.com/article/-amazon-com-jobs-automation-insight-idUSKCN1MK08G}},
  note={accessed on 2022-04-05}
}

@article{AR4,
  title={The current state of industrial practice in artificial intelligence ethics},
  author={Vakkuri, Ville and Kemell, Kai-Kristian and Kultanen, Joni and Abrahamsson, Pekka},
  journal={IEEE Software},
  volume={37},
  number={4},
  pages={50--57},
  year={2020},
  publisher={IEEE}
}

@article{AR5,
  title={Ethical framework for designing autonomous intelligent systems},
  author={Leikas, Jaana and Koivisto, Raija and Gotcheva, Nadezhda},
  journal={Journal of Open Innovation: Technology, Market, and Complexity},
  volume={5},
  number={1},
  pages={18},
  year={2019},
  publisher={MDPI}
}

@article{AR6,
  title={The global landscape of {AI} ethics guidelines},
  author={Jobin, Anna and Ienca, Marcello and Vayena, Effy},
  journal={Nature Machine Intelligence},
  volume={1},
  number={9},
  pages={389--399},
  year={2019},
  publisher={Nature Publishing Group}
}

@Misc{AR7,
  title={Ethically Aligned Design: A Vision for Prioritizing Human Well-being with Autonomous and Intelligent Systems},
  author={{IEEE Global Initiative on Ethics of Autonomous and Intelligent Systems}},
  howpublished = {\url{http://standards.ieee.org/develop/indconn/ec/autonomous_systems.html}, Version 2. IEEE, 2017},
  note={accessed on 2022-04-06}
}

@Misc{AR8,
  title={{ISO/IEC JTC 1/SC} 42 Artificial intelligence},
  author={{ISO}},
  howpublished = {\url{https://www.iso.org/committee/6794475.html}, 2017},
  note={accessed on 2022-02-26}
}

@inproceedings{AR9,
  title={Does {ACM’s} code of ethics change ethical decision making in software development?},
  author={McNamara, Andrew and Smith, Justin and Murphy-Hill, Emerson},
  booktitle={Proc. of the 26th ACM Joint Meeting on European Software Engineering Conference and Symposium on the Foundations of Software Engineering (ESEC/FSE)},
  pages={729--733},
  organization = {ACM},
  year={2018}
}

@inproceedings{AR10,
  title={This is just a prototype: How ethics are ignored in software startup-like environments},
  author={Vakkuri, Ville and Kemell, Kai-Kristian and Jantunen, Marianna and Abrahamsson, Pekka},
  booktitle={Proc. of the 21st International Conference on Agile Software Development (XP)},
  pages={195--210},
  year={2020},
  organization={Springer}
}

@article{AR11,
  title={Teaching {AI}, ethics, law and policy},
  author={Wilk, Asher},
  journal={arXiv preprint arXiv:1904.12470},
  year={2019}
}

@inproceedings{AR12,
  title={Software engineering for responsible {AI}: An empirical study and operationalised patterns},
  author={Lu, Qinghua and Zhu, Liming and Xu, Xiwei and Whittle, Jon and Douglas, David and Sanderson, Conrad},
  booktitle={Proc. of the 44th IEEE/ACM International Conference on Software Engineering: Software Engineering in Practice (ICSE-SEIP)},
  pages={241--242},
  year={2022},
  organization={IEEE}
}

@inproceedings{AR13,
  title={Ethics of {AI}: A systematic literature review of principles and challenges},
  author={Khan, Arif Ali and Badshah, Sher and Liang, Peng and Waseem, Muhammad and Khan, Bilal and Ahmad, Aakash and Fahmideh, Mahdi and Niazi, Mahmood and Akbar, Muhammad Azeem},
  booktitle={Proc. of the 26th International Conference on Evaluation and Assessment in Software Engineering (EASE)},
  pages={383--392},
  organization={ACM},
  year={2022}
}
@article{stahl2018ethics,
  title={Ethics and privacy in AI and big data: Implementing responsible research and innovation},
  author={Stahl, Bernd Carsten and Wright, David},
  journal={IEEE Security \& Privacy},
  volume={16},
  number={3},
  pages={26--33},
  year={2018},
  publisher={IEEE}
}
@article{krijger2021enter,
  title={Enter the metrics: critical theory and organizational operationalization of AI ethics},
  author={Krijger, Joris},
  journal={AI \& SOCIETY},
  pages={1--11},
  year={2021},
  publisher={Springer}
}
@article{bansal2022internet,
  title={Internet Privacy Concerns Revisited: Oversight from Surveillance and Right To Be Forgotten as New Dimensions},
  author={Bansal, Gaurav and Nah, Fiona Fui-Hoon},
  journal={Information \& Management},
  volume={59},
  number={3},
  pages={103618},
  year={2022},
  publisher={Elsevier}
}

@Misc{replication,
   title={Replication Package for the paper: AI Ethics: An empirical study of principles and challenges},
  author={Khan, Arif Ali and Azeem Akbar, Muhammad and Fahmideh, Mahdi and Liang, Peng and Waseem, Muhammad and  Aakash, Ahmad and Niazi, Mahmood and Abrahamsson, Pekka},
  howpublished = {\url{https://doi.org/10.5281/zenodo.7303430}},
  note={accessed on 2022-06-26}
}

@article{AR15,
  title={Responsible autonomy},
  author={Dignum, Virginia},
  journal={arXiv preprint arXiv:1706.02513},
  year={2017}
}
@article{cath2018governing,
  title={Governing artificial intelligence: ethical, legal and technical opportunities and challenges},
  author={Cath, Corinne},
  journal={Philosophical Transactions of the Royal Society A: Mathematical, Physical and Engineering Sciences},
  volume={376},
  number={2133},
  pages={20180080},
  year={2018},
  publisher={The Royal Society Publishing}
}
@inproceedings{schiff2020s,
  title={What's next for ai ethics, policy, and governance? a global overview},
  author={Schiff, Daniel and Biddle, Justin and Borenstein, Jason and Laas, Kelly},
  booktitle={Proceedings of the AAAI/ACM Conference on AI, Ethics, and Society},
  pages={153--158},
  year={2020}
}

@article{khan2017systematic,
  title={Systematic literature review and empirical investigation of barriers to process improvement in global software development: Client--vendor perspective},
  author={Khan, Arif Ali and Keung, Jacky and Niazi, Mahmood and Hussain, Shahid and Ahmad, Awais},
  journal={Information and Software Technology},
  volume={87},
  pages={180--205},
  year={2017},
  publisher={Elsevier}
}
@article{khan2020systematic,
  title={Systematic literature review and empirical investigation of motivators for requirements change management process in global software development},
  author={Khan, Arif Ali and Akbar, Muhammad Azeem},
  journal={Journal of Software: Evolution and Process},
  volume={32},
  number={4},
  pages={e2242},
  year={2020},
  publisher={Wiley Online Library}
}
@article{myers2004spearman,
  title={Spearman correlation coefficients, differences between},
  author={Myers, Leann and Sirois, Maria J},
  journal={Encyclopedia of statistical sciences},
  volume={12},
  year={2004},
  publisher={Wiley Online Library}
}
@article{de2016comparing,
  title={Comparing the Pearson and Spearman correlation coefficients across distributions and sample sizes: A tutorial using simulations and empirical data.},
  author={De Winter, Joost CF and Gosling, Samuel D and Potter, Jeff},
  journal={Psychological methods},
  volume={21},
  number={3},
  pages={273},
  year={2016},
  publisher={American Psychological Association}
}
@article{akbar2022srcmimm,
  title={SRCMIMM: the software requirements change management and implementation maturity model in the domain of global software development industry},
  author={Akbar, Muhammad Azeem and Khan, Arif Ali and Mahmood, Sajjad and Mishra, Alok},
  journal={Information Technology and Management},
  pages={1--25},
  year={2022},
  publisher={Springer}
}

@Misc{GDPR,
  title={{Art. 5 GDPR Principles relating to processing of personal data}},
  author={{ European Union (EU), European Economic Area (EEA)}},
  howpublished = {\url{https://gdpr.eu/article-5-how-to-process-personal-data/}, 2016},
  note={accessed on 2022-10-20}
}

@Misc{BiasAI,
  title={{Ethical artificial intelligence – avoid human bias in AI}},
  author={{ Gery Zollinger, Shardul Paricharak, Tsvi Lev, Yaacov Hoch)}},
  howpublished = {\url{https://www.avaloq.com/knowledge-hub/whitepapers/ethical-artificial-intelligence-avoid-human-bias-in-ai}, 2022},
  note={accessed on 2022-10-20}
}
@article{munn2022uselessness,
  title={The uselessness of AI ethics},
  author={Munn, Luke},
  journal={AI and Ethics},
  pages={1--9},
  year={2022},
  publisher={Springer}
}
@inproceedings{lu2022software,
  title={Software engineering for responsible AI: An empirical study and operationalised patterns},
  author={Lu, Qinghua and Zhu, Liming and Xu, Xiwei and Whittle, Jon and Douglas, David and Sanderson, Conrad},
  booktitle={2022 IEEE/ACM 44th International Conference on Software Engineering: Software Engineering in Practice (ICSE-SEIP)},
  pages={241--242},
  year={2022},
  organization={IEEE}
  }
  @article{lu2022towards,
  title={Towards a Roadmap on Software Engineering for Responsible AI},
  author={Lu, Qinghua and Zhu, Liming and Xu, Xiwei and Whittle, Jon and Xing, Zhenchang},
  journal={arXiv preprint arXiv:2203.08594},
  year={2022}
}
@inproceedings{vakkuri2022software,
  title={How Do Software Companies Deal with Artificial Intelligence Ethics? A Gap Analysis},
  author={Vakkuri, Ville and Kemell, Kai-Kristian and Tolvanen, Joel and Jantunen, Marianna and Halme, Erika and Abrahamsson, Pekka},
  booktitle={Proceedings of the International Conference on Evaluation and Assessment in Software Engineering 2022},
  pages={100--109},
  year={2022}
}
@article{ibanez2021operationalising,
  title={Operationalising AI ethics: how are companies bridging the gap between practice and principles? An exploratory study},
  author={Ib{\'a}{\~n}ez, Javier Camacho and Olmeda, M{\'o}nica Villas},
  journal={AI \& SOCIETY},
  pages={1--25},
  year={2021},
  publisher={Springer}
}
@article{vakkuri2021eccola,
  title={ECCOLA—A method for implementing ethically aligned AI systems},
  author={Vakkuri, Ville and Kemell, Kai-Kristian and Jantunen, Marianna and Halme, Erika and Abrahamsson, Pekka},
  journal={Journal of Systems and Software},
  volume={182},
  pages={111067},
  year={2021},
  publisher={Elsevier}
}
@article{floridi2018ai4people,
  title={AI4People—An ethical framework for a good AI society: Opportunities, risks, principles, and recommendations},
  author={Floridi, Luciano and Cowls, Josh and Beltrametti, Monica and Chatila, Raja and Chazerand, Patrice and Dignum, Virginia and Luetge, Christoph and Madelin, Robert and Pagallo, Ugo and Rossi, Francesca and others},
  journal={Minds and machines},
  volume={28},
  number={4},
  pages={689--707},
  year={2018},
  publisher={Springer}
}
@article{leikas2019ethical,
  title={Ethical framework for designing autonomous intelligent systems},
  author={Leikas, Jaana and Koivisto, Raija and Gotcheva, Nadezhda},
  journal={Journal of Open Innovation: Technology, Market, and Complexity},
  volume={5},
  number={1},
  pages={18},
  year={2019},
  publisher={MDPI}
}
@inproceedings{whittlestone2019role,
  title={The role and limits of principles in AI ethics: towards a focus on tensions},
  author={Whittlestone, Jess and Nyrup, Rune and Alexandrova, Anna and Cave, Stephen},
  booktitle={Proceedings of the 2019 AAAI/ACM Conference on AI, Ethics, and Society},
  pages={195--200},
  year={2019}
}
@article{morley2020initial,
  title={From what to how: an initial review of publicly available AI ethics tools, methods and research to translate principles into practices},
  author={Morley, Jessica and Floridi, Luciano and Kinsey, Libby and Elhalal, Anat},
  journal={Science and engineering ethics},
  volume={26},
  number={4},
  pages={2141--2168},
  year={2020},
  publisher={Springer}
}
@incollection{easterbrook2008selecting,
  title={Selecting empirical methods for software engineering research},
  author={Easterbrook, Steve and Singer, Janice and Storey, Margaret-Anne and Damian, Daniela},
  booktitle={Guide to advanced empirical software engineering},
  pages={285--311},
  year={2008},
  publisher={Springer}
}
@book{bland2015introduction,
  title={An introduction to medical statistics},
  author={Bland, Martin},
  year={2015},
  publisher={Oxford university press}
}
@article{niazi2016toward,
  title={Toward successful project management in global software development},
  author={Niazi, Mahmood and Mahmood, Sajjad and Alshayeb, Mohammad and Qureshi, Abdul Majid and Faisal, Kanaan and Cerpa, Narciso},
  journal={International Journal of Project Management},
  volume={34},
  number={8},
  pages={1553--1567},
  year={2016},
  publisher={Elsevier}
}
}