
@article{anderson_many_2020,
	title = {Many tech experts say digital disruption will hurt democracy},
	url = {https://www.pewresearch.org/internet/2020/02/21/many-tech-experts-say-digital-disruption-will-hurt-democracy/},
	journal = {Pew Research Center},
	author = {Anderson, Janna and Rainie, Lee},
	month = {February},
	year = {2020},
}

@article{avnoon_contextualizing_2023,
	title = {Contextualizing the ethics of algorithms: {A} socio-professional approach},
	url = {https://doi.org/10.1177/14614448221145728},
	doi = {10.1177/14614448221145728},
	journal = {New Media \& Society},
	author = {Avnoon, Netta and Kotliar, Dan M. and Rivnai-Bahir, Shira},
	year = {2023},
}

@article{bromley_smoke_2012,
	title = {From smoke and mirrors to walking the talk: {Decoupling} in the contemporary world},
	volume = {6},
	url = {https://doi.org/10.5465/19416520.2012.684462},
	doi = {10.5465/19416520.2012.684462},
	number = {1},
	journal = {Academy of Management Annals},
	author = {Bromley, Patricia and Powell, Walter W.},
	year = {2012},
}

@article{chang_facebook_2018,
	title = {The {Facebook} and {Cambridge} {Analytica} scandal, explained with a simple diagram},
	url = {https://www.vox.com/policy-and-politics/2018/3/23/17151916/facebook-cambridge-analytica-trump-diagram},
	journnal = {Vox},
	author = {Chang, Alvin},
	month = {March},
	year = {2018},
}

@article{christin_algorithms_2017,
	title = {Algorithms in Practice: Comparing Web Journalism and Criminal Justice},
	volume = {4},
	url = {https://journals.sagepub.com/doi/10.1177/2053951717718855},
	doi = {10.1177/2053951717718855},
	number = {2},
	journal = {Big Data and Society},
	author = {Christin, Ang{\`e}le},
	year = {2017},
	pages = {1--14},
}

@article{christin_ethnographer_2020,
  title={The ethnographer and the algorithm: beyond the black box},
  author={Christin, Ang{\`e}le},
  journal={Theory and Society},
  volume={49},
  number={5-6},
  pages={897--918},
  year={2020},
  publisher={Springer}
}


@inproceedings{costanza-chock_who_2022,
	title = {Who audits the auditors? {Recommendations} from a field scan of the algorithmic auditing ecosystem},
	booktitle = {2022 {ACM} {Conference} on {Fairness}, {Accountability}, and {Transparency}},
	author = {Costanza-Chock, Sasha and Raji, Inioluwa Deborah and Buolamwini, Joy},
	year = {2022},
	pages = {1571--1583},
}

@incollection{dimaggio_interest_1988,
	title = {Interest and agency in institutional theory},
	booktitle = {Research on institutional patterns: {Environment} and culture},
	author = {DiMaggio, Paul},
	editor = {Zucker, Lynne G.},
	year = {1988},
	pages = {3--21},
}

@article{dimaggio_iron_1983,
	title = {The {Iron} {Cage} {Revisited}: {Institutional} {Isomorphism} and {Collective} {Rationality} in {Organizational} {Fields}},
	volume = {48},
	url = {https://www.jstor.org/stable/2095101},
	doi = {10.2307/2095101},
	number = {2},
	journal = {American Sociological Review},
	author = {DiMaggio, Paul J. and Powell, Walter W.},
	year = {1983},
	pages = {147--160},
}

@book{espeland_struggle_1998,
	title = {The struggle for water: {Politics}, rationality, and identity in the {American} {Southwest}},
	publisher = {University of Chicago Press},
	author = {Espeland, Wendy Nelson},
	year = {1998},
}

@article{foroohar_year_2018,
	title = {Year in a word: {Techlash}},
	url = {https://www.ft.com/content/76578fba-fca1-11e8-ac00-57a2a826423e},
	journal = {Financial Times},
	author = {Foroohar, Rana},
	month = dec,
	year = {2018},
}

@article{frenkel_big_2018,
	title = {Big tech to testify before {Senate} on the midterms},
	url = {https://www.nytimes.com/2018/09/02/business/week-ahead-big-tech-testifies-senate.html},
	journal = {The New York Times},
	author = {Frenkel, Sheera},
	month = sep,
	year = {2018},
}

@article{fjeld_principled_2020,
	title = {Principled artificial intelligence: {Mapping} consensus in ethical and rights-based approaches to principles for {AI}},
	url = {https://papers.ssrn.com/sol3/papers.cfm?abstract_id=3518482},
	journal = {Berkman Klein Center Research Publication},
	author = {Fjeld, Jessica and Achten, Nele and Hilligoss, Hannah and Nagy, Adam and Srikumar, Madhulika},
	year = {2020},
}

@techreport{gallup_techlash_2020,
	title = {Techlash? {America}’s growing concern with major technology companies},
	url = {https://knightfoundation.org/wp-content/uploads/2020/03/Gallup-Knight-Report-Techlash-Americas-Growing-Concern-with-Major-Tech-Companies-Final.pdf},
	author = {{Gallup}},
	year = {2020},
}

@article{garud_institutional_2007,
	title = {Institutional {Entrepreneurship} as {Embedded} {Agency}: {An} {Introduction} to the {Special} {Issue}},
	volume = {28},
	doi = {10.1177/0170840607078958},
	number = {7},
	journal = {Organization Studies},
	author = {Garud, Raghu and Hardy, Cynthia and Maguire, Steve},
	year = {2007},
	pages = {957--969},
}

@inproceedings{greene_better_2019,
	title = {Better, nicer, clearer, fairer: {A} critical assessment of the movement for ethical artificial intelligence and machine learning},
	url = {https://aisel.aisnet.org/hicss-52/dsm/critical_and_ethical_studies/2/},
	booktitle = {Proceedings of the 52nd {Hawaii} {International} {Conference} on {System} {Sciences}},
	author = {Greene, Daniel and Hoffmann, Anna Lauren and Stark, Luke},
	year = {2019},
}

@article{greenwood_institutional_2006,
	title = {Institutional entrepreneurship in mature fields: The big five accounting firms},
	volume = {49},
	url = {http://www.jstor.org/stable/20159744},
	number = {1},
	journal = {Academy of Management Journal},
	author = {Greenwood, Royston and Suddaby, Roy},
	year = {2006},
	pages = {27--48},
}

@article{greenwood_theorizing_2002,
	title = {Theorizing change: {The} role of professional associations in the transformation of institutionalized fields},
	volume = {45},
	url = {https://www.jstor.org/stable/3069285},
	doi = {10.2307/3069285},
	number = {1},
	journal = {Academy of management journal},
	author = {Greenwood, Royston and Suddaby, Roy and Hinings, CR},
	year = {2002},
	pages = {58--80},
}

@inproceedings {haney_cybersecurity_2018,
    author = {Julie M. Haney and Wayne G. Lutters},
    title = {"It{\textquoteright}s {Scary{\textellipsis}It{\textquoteright}s} {Confusing{\textellipsis}It{\textquoteright}s} Dull": How Cybersecurity Advocates Overcome Negative Perceptions of Security},
    booktitle = {Fourteenth Symposium on Usable Privacy and Security (SOUPS 2018)},
    year = {2018},
    isbn = {978-1-939133-10-6},
    address = {Baltimore, MD},
    pages = {411--425},
    url = {https://www.usenix.org/conference/soups2018/presentation/haney-perceptions},
    publisher = {USENIX Association},
    month = aug,
}

@article{heckscher_defining_2011,
  title={Defining the post-bureaucratic type},
  author={Heckscher, Charles},
  journal={Sociology of Organizations. Structures and Relationships},
  pages={98--106},
  year={2011}
}

@inproceedings{holstein_improving_2019,
	title = {Improving fairness in machine learning systems: {What} do industry practitioners need?},
	url = {https://dl.acm.org/doi/abs/10.1145/3290605.3300830},
	booktitle = {Proceedings of the 2019 {CHI} {Conference} on {Human} {Factors} in {Computing} {Systems}},
	author = {Holstein, Kenneth and Wortman Vaughan, Jennifer and Daum{\textbackslash}’e III, Hal and Dud{\textbackslash}’ik, Miro and Wallach, Hanna},
	year = {2019},
	pages = {1--16},
}

@article{johnson_how_2019,
	title = {How {AI} companies can avoid ethics washing},
	url = {https://venturebeat.com/ai/how-ai-companies-can-avoid-ethics-washing/},
	author = {Johnson, Khari},
	month = {July},
	year = {2019},
	journal = {VentureBeat},
}

@article{kramer_tech_2021,
    title= {This was the year tech workers found their power},
    url = {https://www.protocol.com/workplace/2021-year-workers-found-power},
    author = {Kramer, Anna},
    month = {December},
    year = {2021},
    journal = {Protocol}
    }

@article{menczer_information_2020,
	title = {Information {Overload} {Helps} {Fake} {News} {Spread}, and {Social} {Media} {Knows} {It}},
	url = {https://www.scientificamerican.com/article/information-overload-helps-fake-news-spread-and-social-media-knows-it/},
	journal = {Scientific American},
	author = {Menczer, Filippo and Hills, Thomas},
	month = dec,
	year = {2020},
}

@article{metcalf_owning_2019,
	title = {Owning ethics: {Corporate} logics, {Silicon} {Valley}, and the institutionalization of ethics},
	volume = {86},
	url = {https://doi.org/10.1353/sor.2019.0022},
	doi = {10.1353/sor.2019.0022},
	number = {2},
	journal = {Social Research: An International Quarterly},
	author = {Metcalf, Jacob and Moss, Emanuel and boyd, danah},
	year = {2019},
	pages = {449--476},
}

@article{meyer_adapting_1982,
	title = {Adapting to environmental jolts},
	volume = {27},
	url = {https://www.jstor.org/stable/2392528},
	number = {4},
	journal = {Administrative science quarterly},
	author = {Meyer, Alan D.},
	year = {1982},
	pages = {515--537},
}

@article{meyer_institutionalized_1977,
	title = {Institutionalized {Organizations}: {Formal} {Structure} as {Myth} and {Ceremony}},
	volume = {83},
	url = {https://www.jstor.org/stable/2778293},
	number = {2},
	journal = {American Journal of Sociology},
	author = {Meyer, John W. and Rowan, Brian},
	year = {1977},
	pages = {340--363},
}

@article{mittelstadt_principles_2019,
	title = {Principles alone cannot guarantee ethical {AI}},
	url = {https://www.nature.com/articles/s42256-019-0114-4},
	doi = {10.1038/s42256-019-0114-4},
	journal = {Nature: Machine Intelligence},
	author = {Mittelstadt, Brent},
	year = {2019},
	pages = {501--507},
}

@article{munn_uselessness_2022,
	title = {The uselessness of {AI} ethics},
	url = {https://doi.org/10.1007/s43681-022-00209-w},
	doi = {10.1007/s43681-022-00209-w},
	journal = {AI and Ethics},
	author = {Munn, Luke},
	year = {2022},
	pages = {1--9},
}

@article{neff_permanently_2004,
  title={Permanently beta},
  author={Neff, Gina and Stark, David},
  journal={Society online: The Internet in context},
  volume={173},
  pages={188},
  year={2004},
  publisher={Sage Thousand Oaks/London/New Dehli}
}

@article{phan_economies_2021,
	title = {Economies of virtue: {The} circulation of ‘{Ethics}.’ {Big} {Tech}, {Science} as {Culture}},
	volume = {31},
	url = {https://doi.org/10.1080/09505431.2021.1990875},
	doi = {10.1080/09505431.2021.1990875},
	number = {1},
	journal = {Science as Culture},
	author = {Phan, Thao and Goldenfein, Jake and Mann, Monique and Kuch, Declan},
	year = {2021},
	pages = {121--135},
}

@book{phan_economies_2022,
	title = {Economies of virtue: {The} circulation of ethics in {AI}},
	publisher = {Institute of Network Cultures},
	editor = {Phan, Thao and Goldenfein, Jake and Kuch, Declan and Mann, Monique},
	year = {2022},
}

@journal{polonski_hard_2018,
	title = {The hard problem of AI ethics—Three guidelines for building morality into machines},
	url = {https://www.oecd-forum.org/posts/30743-the-hard-problem-of-ai-ethics-three-guidelines-for-building-morality-into-machines},
	author = {Polonski, Vyacheslav},
	year = {2018},
	journal = {The Forum Network},
}

@article{posner_agile_2022,
	title = {Agile and the long crisis of software},
	url = {https://logicmag.io/clouds/agile-and-the-long-crisis-of-software/},
	journal = {Logic Magazine},
	author = {Posner, Miriam},
	year = {2022},
}

@article{powell_capitalist_2001,
  title={The capitalist firm in the 21st century: emerging patterns},
  author={Powell, Walter W},
  journal={The 21st Century Firm: Changing Economic Organization in International Perspective},
  pages={33--68},
  year={2001}
}

@article{romm_amazon_2020,
	title = {Amazon, {Apple}, {Facebook} and {Google} grilled on {Capitol} {Hill} over their market power},
	url = {https://www.washingtonpost.com/technology/2020/07/29/apple-google-facebook-amazon-congress-hearing/},
	journal = {The Washington Post},
	author = {Romm, Tony},
	year = {2020},
}

@book{saxenian_new_2006,
  title={The new argonauts: Regional advantage in a global economy},
  author={Saxenian, AnnaLee},
  year={2006},
  publisher={Harvard University Press}
}

@article{simborg_what_2022,
	title = {What is a {North} {Star} metric?},
	url = {https://mixpanel.com/blog/north-star-metric/},
	journal = {The Signal by Mixpanel},
	author = {Simborg, Mark},
	year = {2022},
}

@inproceedings{tahaei_privacy_2021,
    author = {Tahaei, Mohammad and Frik, Alisa and Vaniea, Kami},
    title = {Privacy Champions in Software Teams: Understanding Their Motivations, Strategies, and Challenges},
    year = {2021},
    isbn = {9781450380966},
    publisher = {Association for Computing Machinery},
    address = {New York, NY, USA},
    url = {https://doi-org.stanford.idm.oclc.org/10.1145/3411764.3445768},
    doi = {10.1145/3411764.3445768},
    booktitle = {Proceedings of the 2021 CHI Conference on Human Factors in Computing Systems},
    articleno = {693},
    numpages = {15},
    keywords = {privacy champions, software development, user privacy},
    location = {Yokohama, Japan},
    series = {CHI '21}
}

@book{tavory_abductive_2014,
	title = {Abductive analysis: {Theorizing} qualitative research},
	publisher = {University of Chicago Press},
	author = {Tavory, Iddo and Timmermans, Stefan},
	year = {2014},
}

@ARTICLE{tondel_security_2020,
  author={Tondel, Inger Anne and Gilje Jaatun, Martin and Soares Cruzes, Daniela},
  journal={IEEE Security \& Privacy}, 
  title={IT Security Is From Mars, Software Security Is From Venus}, 
  year={2020},
  volume={18},
  number={4},
  pages={48-54},
  doi={10.1109/MSEC.2020.2969064}
  }


@inproceedings{vo_microfoundations_2016,
	title = {Microfoundations of decoupling: from the perspective of coping theory},
	volume = {19},
	doi = {10.3917/mana.194.0248},
	booktitle = {Academy of {Management} {Proceedings}},
	author = {Vo, Linh-Chi and Culié, Jean-Denis and Mounoud, Eleonore},
	year = {2016},
	note = {Issue: 1},
	pages = {248--276},
}

@article{west_techlash_2021,
	title = {Techlash continues to batter technology sector},
	url = {https://www.brookings.edu/blog/techtank/2021/04/02/techlash-continues-to-batter-technology-sector/},
	journal = {Brookings Tech Tank},
	author = {West, Darrell M.},
	month = apr,
	year = {2021},
}

@article{wong_more_2020,
	title = {More than 12,000 Google workers condemn firing of AI scientist Timnit Gebru},
	url = {https://www.theguardian.com/technology/2020/dec/04/timnit-gebru-google-ai-fired-diversity-ethics},
	journal = {The Guardian},
	author = {Wong, Julie Carrie},
	month = dec,
	year = {2020},
}

@article{wong_UX_2021,
    author = {Wong, Richmond Y.},
    title = {Tactics of Soft Resistance in User Experience Professionals' Values Work},
    year = {2021},
    issue_date = {October 2021},
    publisher = {Association for Computing Machinery},
    address = {New York, NY, USA},
    volume = {5},
    number = {CSCW2},
    url = {https://doi-org.stanford.idm.oclc.org/10.1145/3479499},
    doi = {10.1145/3479499},
    journal = {Proc. ACM Hum.-Comput. Interact.},
    month = {oct},
    articleno = {355},
    numpages = {28},
}
