@String(PAMI  = {IEEE TPAMI})
@String(IJCV  = {IJCV})
@String(CVPR  = {CVPR})
@String(ICCV  = {ICCV})
@String(ECCV  = {ECCV})
@String(NIPS  = {NeurIPS})
@String(ICPR  = {ICPR})
@String(BMVC  =	{BMVC})
@String(TOG   = {ACM TOG})
@String(TIP   = {IEEE TIP})
@String(TVCG  = {IEEE TVCG})
@String(TCSVT = {IEEE TCSVT})
@String(TMM   =	{IEEE TMM})
@String(ACMMM = {ACM MM})
@String(ICME  =	{ICME})
@String(ICASSP=	{ICASSP})
@String(ICIP  = {ICIP})
@String(ACCV  = {ACCV})
@String(ICLR  = {ICLR})
@String(IJCAI = {IJCAI})
@String(PR = {PR})
@String(AAAI = {AAAI})
@String(CVPRW= {CVPRW})
@String(CSVT = {IEEE TCSVT})

@String(PAMI = {IEEE Trans. Pattern Anal. Mach. Intell.})
@String(IJCV = {Int. J. Comput. Vis.})
@String(CVPR= {IEEE Conf. Comput. Vis. Pattern Recog.})
@String(ICCV= {Int. Conf. Comput. Vis.})
@String(ECCV= {Eur. Conf. Comput. Vis.})
@String(ECCVW= {Eur. Conf. Comput. Vis. Worksh.})
@String(NIPS= {Adv. Neural Inform. Process. Syst.})
@String(ICPR = {Int. Conf. Pattern Recog.})
@String(BMVC= {Brit. Mach. Vis. Conf.})
@String(TOG= {ACM Trans. Graph.})
@String(TIP  = {IEEE Trans. Image Process.})
@String(TVCG  = {IEEE Trans. Vis. Comput. Graph.})
@String(TMM  = {IEEE Trans. Multimedia})
@String(ACMMM= {ACM Int. Conf. Multimedia})
@String(ICME = {Int. Conf. Multimedia and Expo})
@String(ICASSP=	{ICASSP})
@String(ICIP = {IEEE Int. Conf. Image Process.})
@String(ACCV  = {ACCV})
@String(ICLR = {Int. Conf. Learn. Represent.})
@String(IJCAI = {IJCAI})
@String(PR   = {Pattern Recognition})
@String(AAAI = {AAAI})
@String(CVPRW= {IEEE Conf. Comput. Vis. Pattern Recog. Worksh.})
@String(CSVT = {IEEE Trans. Circuit Syst. Video Technol.})
@string(ICML = {Int. Conf. Machine Learning})
@string(ICMLW = {Int. Conf. Machine Learning Workshops})
@String(SPL	= {IEEE Sign. Process. Letters})
@String(VR   = {Vis. Res.})
@String(JOV	 = {J. Vis.})
@String(TVC  = {The Vis. Comput.})
@String(JCST  = {J. Comput. Sci. Tech.})
@String(CGF  = {Comput. Graph. Forum})
@String(CVM = {Computational Visual Media})






@inproceedings{li2022whac,
  title={A Whac-A-Mole Dilemma: Shortcuts Come in Multiples Where Mitigating One Amplifies Others},
  author={Li, Zhiheng and Evtimov, Ivan and Gordo, Albert and Hazirbas, Caner and Hassner, Tal and Ferrer, Cristian Canton and Xu, Chenliang and Ibrahim, Mark},
  booktitle=CVPR,
  year={2023}
}

@inproceedings{mehta2022you,
  title={You Only Need a Good Embeddings Extractor to Fix Spurious Correlations},
  author={Mehta, Raghav and Albiero, V{\'\i}tor and Chen, Li and Evtimov, Ivan and Glaser, Tamar and Li, Zhiheng and Hassner, Tal},
  booktitle=ECCVw,
  year={2022}
}

%% estimation- attribute prediction
@article{suresh2019framework,
  title={A framework for understanding unintended consequences of machine learning},
  author={Suresh, H and Guttag, J V},
  journal={arXiv preprint arXiv:1901.10002},
  year={2019}
}

@inproceedings{buolamwini2018gender,
  title={Gender shades: Intersectional accuracy disparities in commercial gender classification},
  author={Buolamwini, J and Gebru, T},
  booktitle={FAT},
  pages={77--91},
  year={2018},
  organization={PMLR}
}

@inproceedings{muthukumar2019color,
  title={Color-theoretic experiments to understand unequal gender classification accuracy from face images},
  author={Muthukumar, V},
  booktitle={CVPRW},
  year={2019}
  }

@article{denton2019detecting,
  title={Detecting bias with generative counterfactual face attribute augmentation},
  author={Denton, E and Hutchinson, B and Mitchell, M and Gebru, T},
  journal={arXiv preprint arXiv:1906.06439},
  year={2019}
}

@article{nanda2020fairness,
  title={Fairness Through Robustness: Investigating Robustness Disparity in Deep Learning},
  author={Nanda et al., V},
  journal={arXiv preprint arXiv:2006.12621},
  year={2020}
}

@inproceedings{joo2020gender,
  title={Gender slopes: Counterfactual fairness for computer vision models by attribute manipulation},
  author={Joo, J and K{\"a}rkk{\"a}inen, K},
  booktitle={FATE/MM},
  pages={1--5},
  year={2020}
}

@inproceedings{xu2020investigating,
  title={Investigating bias and fairness in facial expression recognition},
  author={Xu, T and White, J and Kalkan, S and Gunes, H},
  booktitle={ECCV},
  pages={506--523},
  year={2020}
  }

@article{khalil2020investigating,
  title={Investigating Bias in Facial Analysis Systems: A Systematic Review},
  author={Khalil, A and Ahmed, S G and Khattak, A M and Al-Qirim, N},
  journal={IEEE Access},
  volume={8},
  pages={130751--130761},
  year={2020}
}

@article{deuschel2020uncovering,
  title={Uncovering the Bias in Facial Expressions},
  author={Deuschel, J and Finzel, B and Rieger, I},
  journal={arXiv preprint arXiv:2011.11311},
  year={2020}
}

@article{krishnan2020understanding,
  title={Understanding fairness of gender classification algorithms across gender-race groups},
  author={Krishnan, A and Almadan, A and Rattani, A},
  journal={arXiv preprint arXiv:2009.11491},
  year={2020}
}

%% estimation- face det/recog
@article{klare2012face,
  title={Face recognition performance: Role of demographic information},
  author={Klare et al., B F},
  journal={TIFS},
  volume={7},
  number={6},
  pages={1789--1801},
  year={2012}
}

@inproceedings{kortylewski2018empirically,
  title={Empirically analyzing the effect of dataset biases on deep face recognition systems},
  author={Kortylewski et al., A},
  booktitle={CVPRW},
  pages={2093--2102},
  year={2018}
}

@inproceedings{acien2018measuring,
  title={Measuring the gender and ethnicity bias in deep models for face recognition},
  author={Acien et al., A},
  booktitle={CIARP},
  pages={584--593},
  year={2018}
  }

@article{serna2019algorithmic,
  title={Algorithmic discrimination: Formulation and exploration in deep learning-based face biometrics},
  author={Serna et al., I},
  journal={arXiv preprint arXiv:1912.01842},
  year={2019}
}

@inproceedings{kortylewski2019analyzing,
  title={Analyzing and reducing the damage of dataset bias to face recognition with synthetic data},
  author={Kortylewski et al., A},
  booktitle={CVPRW},
  year={2019}
}

@article{kortylewski2018can,
  title={Can Synthetic Faces Undo the Damage of Dataset Bias to Face Recognition and Facial Landmark Detection?},
  author={Kortylewski et al., A},
  journal={arXiv preprint arXiv:1811.08565},
  year={2018}
}

@inproceedings{vangara2019characterizing,
  title={Characterizing the variability in face recognition accuracy relative to race},
  author={Vangara et al., K},
  booktitle={CVPRW},
  pages={0--0},
  year={2019}
}

@article{lopez2019dataset,
  title={Dataset bias exposed in face verification},
  author={L{\'o}pez-L{\'o}pez et al., E},
  journal={IET Biometrics},
  volume={8},
  number={4},
  pages={249--258},
  year={2019}
  }

@article{nagpal2019deep,
  title={Deep learning for face recognition: Pride or prejudiced?},
  author={Nagpal, S and Singh, M and Singh, R and Vatsa, M},
  journal={arXiv preprint arXiv:1904.01219},
  year={2019}
}

@inproceedings{srinivas2019exploring,
  title={Exploring automatic face recognition on match performance and gender bias for children},
  author={Srinivas et al., N},
  booktitle={WACVW},
  pages={107--115},
  year={2019}
  }

@inproceedings{srinivas2019face,
  title={Face recognition algorithm bias: Performance differences on images of children and adults},
  author={Srinivas et al., N},
  booktitle={CVPRW},
  year={2019}
}

@inproceedings{celis2019learning,
  title={Learning facial recognition biases through VAE latent representations},
  author={Celis, D and Rao, M},
  booktitle={FAT/MM},
  pages={26--32},
  year={2019}
}

@inproceedings{garcia2019harms,
  title={The harms of demographic bias in deep face recognition research},
  author={Garcia, R V and Wandzik, L and Grabner, L and Krueger, J},
  booktitle={ICB},
  pages={1--6},
  year={2019}
}

@inproceedings{albiero2020analysis,
  title={Analysis of gender inequality in face recognition accuracy},
  author={Albiero et al., V},
  booktitle={WACVW},
  pages={81--89},
  year={2020}
  }

@inproceedings{terhorst2020face,
  title={Face quality estimation and its correlation to demographic and non-demographic bias in face recognition},
  author={Terh{\"o}rst et al., P},
  booktitle={IJCB},
  year={2020},
}

@inproceedings{robinson2020face,
  title={Face recognition: too bias, or not too bias?},
  author={Robinson et al., J P},
  booktitle={CVPRW},
  year={2020}
}

@inproceedings{gluge2020not,
  title={How (not) to measure bias in face recognition networks},
  author={Gl{\"u}ge, S and Amirian, M and Flumini, D and Stadelmann, T},
  booktitle={IAPR Workshop, ANNPR},
  pages={125--137},
  year={2020}
  }

@article{krishnapriya2020issues,
  title={Issues related to face recognition accuracy varying based on race and skin tone},
  author={Krishnapriya et al., KS},
  journal={TTS},
  volume={1},
  number={1},
  pages={8--20},
  year={2020}
  }

@article{cavazos2020accuracy,
  title={Accuracy comparison across face recognition algorithms: Where are we on measuring race bias?},
  author={Cavazos, J G and Phillips, P J and Castillo, C D and O’Toole, A J},
  journal={T-BIOM},
  year={2020}
  }

@inproceedings{cao2018vggface2,
  title={Vggface2: A dataset for recognising faces across pose and age},
  author={Cao, Qiong and Shen, Li and Xie, Weidi and Parkhi, Omkar M and Zisserman, Andrew},
  booktitle={2018 13th IEEE international conference on automatic face \& gesture recognition (FG 2018)},
  pages={67--74},
  year={2018},
  organization={IEEE}
}

%%%%%%%%%%%%%%%%%%%%%%%%%%%%%%%%%%%%%%%%%%%%%%%%%%%%%%%%%%%%%%%%%%%%%%%%%
@misc{FRBias,
  author = "M Paolini-Subramanya",
  title = "Facial Recognition, and Bias",
  year = "2018",
  howpublished = {\url{https://tinyurl.com/y7rat8vb}},
  note = {Online; accessed 19 February 2021},
}

@misc{GooglePhoto,
  author = "Sky News US Team",
  title = "Google Photo App Labels Black Couple Gorillas",
  year = "2015",
  howpublished = {\url{https://tinyurl.com/3npuwwbn}},
  note = {Online; accessed 19 February 2021},
}

@misc{San,
  author = "Conger, K and Fausset, R and Kovaleski, S F",
  title = "San Francisco Bans Facial Recognition Technology",
  year = "2019",
  howpublished = {\url{https://tinyurl.com/y4x6wbos}},
  note = {Online; accessed 19 February 2021},
}

@book{osoba2017intelligence,
  title={An intelligence in our image: The risks of bias and errors in artificial intelligence},
  author={Osoba, O A and Welser IV, W},
  year={2017},
  publisher={Rand Corporation}
}

@article{ntoutsi2020bias,
  title={Bias in data-driven artificial intelligence systems—An introductory survey},
  author={Ntoutsi et al., E},
  journal={WIREs: Data Mining and Knowledge Discovery},
  volume={10},
  number={3},
  pages={e1356},
  year={2020}
  }

@article{majumdar2020subgroup,
  title={Subgroup Invariant Perturbation for Unbiased Pre-trained Model Prediction},
  author={Majumdar, P and Chhabra, S and Singh, R and Vatsa, M},
  journal={Frontiers in Big Data},
  volume={3},
  pages={52},
  year={2020}
  }

@inproceedings{bruveris2020reducing,
  title={Reducing geographic performance differentials for face recognition},
  author={Bruveris, M and Gietema, J and Mortazavian, P and Mahadevan, M},
  booktitle={WACVW},
  pages={98--106},
  year={2020}
  }


@inproceedings{huang2008labeled,
  title={Labeled faces in the wild: A database for studying face recognition in unconstrained environments},
  author={Huang, G B and Mattar, M and Berg, T and Learned-Miller, E},
  booktitle={Workshop on Faces in 'Real-Life' Images: Detection, Alignment, and Recognition},
  year={2008}
}

@inproceedings{rawls2009morph,
  title={MORPH: Development and optimization of a longitudinal age progression database},
  author={Rawls, A W and Ricanek, K},
  booktitle={European Workshop, BioID},
  pages={17--24},
  year={2009}
  }

@article{milborrow2010muct,
  title={{The MUCT landmarked face database}},
  author={Milborrow, S and Morkel, J and Nicolls, F},
  journal={PRASA},
  volume={201},
  number={0},
  year={2010}
}

@inproceedings{setty2013indian,
  title={Indian movie face database: a benchmark for face recognition under wide variations},
  author={Setty et al., S},
  booktitle={NCVPRIPG},
  pages={1--5},
  year={2013}
  }

@article{eidinger2014age,
  title={Age and gender estimation of unfiltered faces},
  author={Eidinger, E and Enbar, R and Hassner, T},
  journal={TIFS},
  volume={9},
  number={12},
  pages={2170--2179},
  year={2014}
  }

@article{chen2015face,
  title={Face recognition and retrieval using cross-age reference coding with cross-age celebrity dataset},
  author={Chen, B C and Chen, C S and Hsu, W H},
  journal={IEEE Transactions on Multimedia},
  volume={17},
  number={6},
  pages={804--815},
  year={2015}
}

@inproceedings{liu2015faceattributes,
  title={Deep learning face attributes in the wild},
  author={Liu, Z and Luo, P and Wang, X and Tang, X},
  booktitle={ICCV},
  pages={3730--3738},
  year={2015}
  }

@inproceedings{niu2016ordinal,
  title={Ordinal Regression with Multiple Output {CNN} for Age Estimation},
  author={Niu et al., Z},
  booktitle={CVPR},
  pages={4920--4928},
  year={2016}
  }

@inproceedings{zhang2017age,
  title={Age progression/regression by conditional adversarial autoencoder},
  author={Zhang, Z and Song, Y and Qi, H},
  booktitle={CVPR},
  pages={5810--5818},
  year={2017}
  }


@inproceedings{wang2019racial,
  title={Racial faces in the wild: Reducing racial bias by information maximization adaptation network},
  author={Wang et al., M},
  booktitle={ICCV},
  pages={692--702},
  year={2019}
  }

@article{cheng2019exploiting,
  title={Exploiting effective facial patches for robust gender recognition},
  author={Cheng et al., J},
  journal={Tsinghua Science and Technology},
  volume={24},
  number={3},
  pages={333--345},
  year={2019}
  }

@article{morales2020sensitivenets,
  title={SensitiveNets: Learning agnostic representations with application to face images},
  author={Morales, A and Fierrez, J and Vera-Rodriguez, R and Tolosana, R},
  journal={T-PAMI},
  year={2020}
  }

@inproceedings{ramaswamy2020fair,
  title={Fair attribute classification through latent space de-biasing},
  author={Ramaswamy, Vikram V and Kim, Sunnie SY and Russakovsky, Olga},
  author={Ramaswamy, V V and Kim, S SY and Russakovsky, O},
  booktitle={CVPR},
  pages={9301--9310},
  year={2021}
  }


@article{tan2020improving,
  title={Improving the Fairness of Deep Generative Models without Retraining},
  author={Tan, S and Shen, Y and Zhou, B},
  journal={arXiv preprint arXiv:2012.04842},
  year={2020}
}

@inproceedings{guo2016ms,
  title={Ms-celeb-1m: A dataset and benchmark for large-scale face recognition},
  author={Guo et al., Y},
  booktitle={ECCV},
  pages={87--102},
  year={2016}
  }

@inproceedings{wang2020mitigating,
  title={Mitigating bias in face recognition using skewness-aware reinforcement learning},
  author={Wang, M and Deng, W},
  booktitle={CVPR},
  pages={9322--9331},
  year={2020}
  }

@article{thomee2016yfcc100m,
  title={YFCC100M: The new data in multimedia research},
  author={Thomee et al., B},
  journal={Communications of the ACM},
  volume={59},
  number={2},
  pages={64--73},
  year={2016}
  }

@article{huang2019deep,
  title={Deep imbalanced learning for face recognition and attribute prediction},
  author={Huang, C and Li, Y and Loy, C C and Tang, X},
  journal={T-PAMI},
  volume={42},
  number={11},
  pages={2781--2794},
  year={2019}
  }

@inproceedings{vera2019facegenderid,
  title={FaceGenderID: Exploiting gender information in DCNNs face recognition systems},
  author={Vera-Rodriguez et al., R},
  booktitle={CVPRW},
  pages={0--0},
  year={2019}
  }

@inproceedings{schroff2015facenet,
  title={Facenet: A unified embedding for face recognition and clustering},
  author={Schroff, F and Kalenichenko, D and Philbin, J},
  booktitle={CVPR},
  pages={815--823},
  year={2015}
  }

@inproceedings{terhorst2020comparison,
  title={Comparison-level mitigation of ethnic bias in face recognition},
  author={Terh{\"o}rst et al., P},
  booktitle={IWBF},
  pages={1--6},
  year={2020}
  }

@article{serna2020sensitiveloss,
  title={SensitiveLoss: Improving Accuracy and Fairness of Face Representations with Discrimination-Aware Deep Learning},
  author={Serna et al., I},
  journal={arXiv preprint arXiv:2004.11246},
  year={2020}
}

@article{terhorst2020post,
  title={Post-comparison mitigation of demographic bias in face recognition using fair score normalization},
  author={Terh{\"o}rst et al., P},
  journal={PRL},
  volume={140},
  pages={332--338},
  year={2020}
  }

@inproceedings{amini2019uncovering,
  title={Uncovering and mitigating algorithmic bias through learned latent structure},
  author={Amini et al., A},
  booktitle={AIES},
  pages={289--295},
  year={2019}
}

@inproceedings{alasadi2019toward,
  title={Toward fairness in face matching algorithms},
  author={Alasadi, J and Al Hilli, A and Singh, V K},
  booktitle={FAT/MM Workshops},
  pages={19--25},
  year={2019}
}

@inproceedings{gong2020jointly,
  title={Jointly de-biasing face recognition and demographic attribute estimation},
  author={Gong, S and Liu, X and Jain, A K},
  booktitle={ECCV},
  pages={330--347},
  year={2020}
  }

@article{dhar2020adversarial,
  title={An adversarial learning algorithm for mitigating gender bias in face recognition},
  author={Dhar et al., P},
  journal={arXiv preprint arXiv:2006.07845},
  year={2020}
}

@article{mcduff2019characterizing,
  title={Characterizing bias in classifiers using generative models},
  author={McDuff, D and Ma, S and Song, Y and Kapoor, A},
  journal={arXiv preprint arXiv:1906.11891},
  year={2019}
}

@inproceedings{yucer2020exploring,
  title={Exploring racial bias within face recognition via per-subject adversarially-enabled data augmentation},
  author={Yucer, S and Ak{\c{c}}ay, S and Al-Moubayed, N and Breckon, T P},
  booktitle={CVPRW},
  pages={18--19},
  year={2020}
  }

@article{ryu2018inclusivefacenet,
  title={Inclusivefacenet: Improving face attribute detection with race and gender diversity},
  author={Ryu, H J and Adam, H and Mitchell, M},
  journal={FAT ML Workshops},
  year={2018}
}

@inproceedings{das2018mitigating,
  title={Mitigating bias in gender, age and ethnicity classification: a multi-task convolution neural network approach},
  author={Das, A and Dantcheva, A and Bremond, F},
  booktitle={ECCVW},
  pages={0--0},
  year={2018}
}

@inproceedings{alvi2018turning,
  title={Turning a blind eye: Explicit removal of biases and variation from deep neural network embeddings},
  author={Alvi, M and Zisserman, A and Nell{\aa}ker, C},
  booktitle={ECCVW},
  year={2018}
}

@inproceedings{kim2019learning,
  title={Learning not to learn: Training deep neural networks with biased data},
  author={Kim et al., B},
  booktitle={CVPR},
  pages={9012--9020},
  year={2019}
  }

@inproceedings{nagpal2020attribute,
  title={Attribute Aware Filter-Drop for Bias Invariant Classification},
  author={Nagpal, S and Singh, M and Singh, R and Vatsa, M},
  booktitle={CVPRW},
  pages={32--33},
  year={2020}
  }

@inproceedings{dass2020s,
  title={It’s Not Just Black and White: Classifying Defendant Mugshots Based on the Multidimensionality of Race and Ethnicity},
  author={Dass, R K and Petersen, N and Visser, U and Omori, M},
  booktitle={CRV},
  pages={238--245},
  year={2020}
  }

@inproceedings{wang2020towards,
  title={Towards fairness in visual recognition: Effective strategies for bias mitigation},
  author={Wang et al., Z},
  booktitle={CVPR},
  pages={8919--8928},
  year={2020}
  }

@inproceedings{dwork2018decoupled,
  title={Decoupled classifiers for group-fair and efficient machine learning},
  author={Dwork, C and Immorlica, N and Kalai, A T and Leiserson, M},
  booktitle={FAT},
  pages={119--133},
  year={2018}
}

@inproceedings{kim2019multiaccuracy,
  title={Multiaccuracy: Black-box post-processing for fairness in classification},
  author={Kim, M P and Ghorbani, A and Zou, J},
  booktitle={AIES},
  pages={247--254},
  year={2019}
}

@inproceedings{nagpal2020diversity,
  title={Diversity Blocks for De-biasing Classification Models},
  author={Nagpal, S and Singh, M and Singh, R and Vatsa, M},
  booktitle={IJCB},
  pages={1--9},
  year={2020}
  }

@article{roh2020fairbatch,
  title={FairBatch: Batch Selection for Model Fairness},
  author={Roh, Y and Lee, K and Whang, S E and Suh, C},
  journal={arXiv preprint arXiv:2012.01696},
  year={2020}
}

@inproceedings{mullick2019generative,
  title={Generative adversarial minority oversampling},
  author={Mullick, S S and Datta, S and Das, S},
  booktitle={ICCV},
  pages={1695--1704},
  year={2019}
  }

@inproceedings{choi2020fair,
  title={Fair generative modeling via weak supervision},
  author={Choi et al., K},
  booktitle=ICML,
  pages={1887--1898},
  year={2020}
}

@inproceedings{wang2019balanced,
  title={Balanced datasets are not enough: Estimating and mitigating gender bias in deep image representations},
  author={Wang et al., T},
  booktitle={ICCV},
  pages={5310--5319},
  year={2019}
  }


%%%%%%%%%%%%%%%%%%%2021 Papers%%%%%%%%%%%%%%%%%%%%%%%
%%%%%%%% estimation

@inproceedings{majumdar2021unravelling,
  title={Unravelling the Effect of Image Distortions for Biased Prediction of Pre-trained Face Recognition Models},
  author={Majumdar, Puspita and Mittal, Surbhi and Singh, Richa and Vatsa, Mayank},
  booktitle={ICCVW},
  pages={3786--3795},
  year={2021}
}

@inproceedings{gwilliam2021rethinking,
  title={Rethinking Common Assumptions to Mitigate Racial Bias in Face Recognition Datasets},
  author={Gwilliam, Matthew and Hegde, Srinidhi and Tinubu, Lade and Hanson, Alex},
  booktitle={ICCVW},
  pages={4123--4132},
  year={2021}
}

@inproceedings{majumdar2021attention,
  title={Attention Aware Debiasing for Unbiased Model Prediction},
  author={Majumdar, Puspita and Singh, Richa and Vatsa, Mayank},
  booktitle={ICCVW},
  pages={4133--4141},
  year={2021}
}

@inproceedings{quadrianto2019discovering,
  title={Discovering fair representations in the data domain},
  author={Quadrianto, N and Sharmanska, V and Thomas, O},
  booktitle={CVPR},
  pages={8227--8236},
  year={2019}
  }

@inproceedings{serna2021insidebias,
  title={InsideBias: Measuring bias in deep networks and application to face gender biometrics},
  author={Serna, I and Pe{\~n}a, A and Morales, A and Fierrez, J},
  booktitle={ICPR},
  pages={3720--3727},
  year={2021}
  }

@article{barlas2021see,
  title={To" See" is to Stereotype: Image Tagging Algorithms, Gender Recognition, and the Accuracy-Fairness Trade-off},
  author={Barlas et al, P},
  journal={ACM HCI},
  volume={4},
  number={CSCW3},
  pages={1--31},
  year={2021}
  }

@inproceedings{li2021discover,
  title={Discover the Unknown Biased Attribute of an Image Classifier},
  author={Li, Z and Xu, C},
  booktitle={ICCV},
  year={2021}
}

@article{serna2021ifbid,
  title={IFBiD: Inference-Free Bias Detection},
  author={Serna, I and Morales, A and Fierrez, J and Ortega-Garcia, J},
  journal={arXiv preprint arXiv:2109.04374},
  year={2021}
}

%%%%%%%%% mitigation
@inproceedings{gong2021mitigating,
  title={Mitigating face recognition bias via group adaptive classifier},
  author={Gong, S and Liu, X and Jain, A K},
  booktitle={CVPR},
  pages={3414--3424},
  year={2021}
}

@inproceedings{yang2021ramface,
  title={RamFace: Race Adaptive Margin Based Face Recognition for Racial Bias Mitigation},
  author={Yang et al., Z},
  booktitle={IJCB},
  pages={1--8},
  year={2021}
  }

@inproceedings{xu2021consistent,
  title={Consistent Instance False Positive Improves Fairness in Face Recognition},
  author={Xu et al., X},
  booktitle={CVPR},
  pages={578--586},
  year={2021}
  }

@inproceedings{park2021learning,
  title={Learning Disentangled Representation for Fair Facial Attribute Classification via Fairness-aware Information Alignment},
  author={Park, S and Hwang, S and Kim, D and Byun, H},
  booktitle={AAAI},
  volume={35},
  number={3},
  pages={2403--2411},
  year={2021}
 }
 
 @inproceedings{tartaglione2021end,
  title={En{D}: Entangling and Disentangling deep representations for bias correction},
  author={Tartaglione, E and Barbano, C A and Grangetto, M},
  booktitle={CVPR},
  pages={13508--13517},
  year={2021}
}

@inproceedings{ragonesi2021learning,
  title={Learning unbiased representations via mutual information backpropagation},
  author={Ragonesi, R and Volpi, R and Cavazza, J and Murino, V},
  booktitle={CVPR},
  pages={2729--2738},
  year={2021}
}

@inproceedings{jung2021fair,
  title={Fair Feature Distillation for Visual Recognition},
  author={Jung, S and Lee, D and Park, T and Moon, T},
  booktitle={CVPR},
  pages={12115--12124},
  year={2021}
}

@inproceedings{chuang2021fair,
  title={Fair mixup: Fairness via interpolation},
  author={Chuang, C-Y and Mroueh, Y},
  booktitle=ICLR,
  year={2021}
}

@article{georgopoulos2021mitigating,
  title={Mitigating Demographic Bias in Facial Datasets with Style-Based Multi-attribute Transfer},
  author={Georgopoulos et al., M},
  journal={IJCV},
  volume={129},
  number={7},
  pages={2288--2307},
  year={2021}
  }

@inproceedings{adeli2021representation,
  title={Representation learning with statistical independence to mitigate bias},
  author={Adeli et al., E},
  booktitle={WACV},
  pages={2513--2523},
  year={2021}
}

@article{terhorst2021comprehensive,
  title={A comprehensive study on face recognition biases beyond demographics},
  author={Terh{\"o}rst et al., P},
  journal={arXiv preprint arXiv:2103.01592},
  year={2021}
}

@article{drozdowski2020demographic,
  title={Demographic bias in biometrics: A survey on an emerging challenge},
  author={Drozdowski et al., P},
  journal={TTS},
  volume={1},
  number={2},
  pages={89--103},
  year={2020}
  }

@inproceedings{terhorst2020beyond,
  title={Beyond Identity: What Information Is Stored in Biometric Face Templates?},
  author={Terh{\"o}rst et al., P},
  booktitle={IJCB},
  pages={1--10},
  year={2020}
  }

@inproceedings{gong2019debface,
  title={Jointly de-biasing face recognition and demographic attribute estimation},
  author={Gong, Sixue and Liu, Xiaoming and Jain, A},
  pages={330--347},
  year={2020},
  organization={ECCV}
}


@inproceedings{terhorst2020beyond,
  title={Beyond Identity: What Information Is Stored in Biometric Face Templates?},
  author={Terh{\"o}rst et al., P},
  booktitle={IJCB},
  pages={1--10},
  year={2020}
  }

@book{em:86,
  editor  = "Engelmore, Robert and Morgan, Anthony",
  title   = "Blackboard Systems",
  year    = 1986,
  address = "Reading, Mass.",
  publisher = "Addison-Wesley",
}

@inproceedings{c:83,
  author  = "Clancey, William J.",
  year    = 1983,
  title   = "{Communication, Simulation, and Intelligent
Agents: Implications of Personal Intelligent Machines
for Medical Education}",
  booktitle="Proceedings of the Eighth International Joint Conference on Artificial Intelligence {(IJCAI-83)}", 
  pages   = "556-560",
  address = "Menlo Park, Calif",
  publisher = "{IJCAI Organization}",
}
@inproceedings{c:84,
  author  = "Clancey, William J.",
  year    = 1984,
  title   = "{Classification Problem Solving}",
  booktitle = "Proceedings of the Fourth National 
              Conference on Artificial Intelligence",
  pages   = "45-54",
  address = "Menlo Park, Calif.",
  publisher="AAAI Press",
}
@article{r:80,
  author = {Robinson, Arthur L.},
  title = {New Ways to Make Microcircuits Smaller},
  volume = {208},
  number = {4447},
  pages = {1019--1022},
  year = {1980},
  doi = {10.1126/science.208.4447.1019},
  publisher = {American Association for the Advancement of Science},
  issn = {0036-8075},
  URL = {https://science.sciencemag.org/content/208/4447/1019},
  eprint = {https://science.sciencemag.org/content/208/4447/1019.full.pdf},
  journal = {Science},
}
@article{r:80x,
  author  = "Robinson, Arthur L.",
  year    = 1980,
  title   = "{New Ways to Make Microcircuits Smaller---Duplicate Entry}",
  journal = "Science",
  volume  =  208,
  pages   = "1019-1026",
}
@article{hcr:83,
title = {Strategic explanations for a diagnostic consultation system},
journal = {International Journal of Man-Machine Studies},
volume = {20},
number = {1},
pages = {3-19},
year = {1984},
issn = {0020-7373},
doi = {https://doi.org/10.1016/S0020-7373(84)80003-6},
url = {https://www.sciencedirect.com/science/article/pii/S0020737384800036},
author = {Diane Warner Hasling and William J. Clancey and Glenn Rennels},
abstract = {This article examines the problem of automatte explanation of reasoning, especially as it relates to expert systems. By explanation we mean the ability of a program to discuss what it is doing in some understandable way. We first present a general framework in which to view explanation and review some of the research done in this area. We then focus on the explanation system for NEOMYCIN, a medical consultation program. A consultation program interactively helps a user to solve a problem. Our goal is to have NEOMYCIN explain its problem-solving strategies. An explanation of strategy describes the plan the program is using to reach a solution. Such an explanation is usually concrete, referring to aspects of the current problem situation. Abstract explanations articulate a general principle, which can be applied in different situations; such explanations are useful in teaching and in explaining by analogy. We describe the aspects of NEOMYCIN that make abstract strategic explanations possible—the representation of strategic knowledge explicitly and separately from domain knowledge— and demonstrate how this representation can be used to generate explanations.}
}
@article{hcrt:83,
  author  = "Hasling, Diane Warner and Clancey, William J. and Rennels, Glenn R. and Test, Thomas",
  year    = 1983,
  title   = "{Strategic Explanations in Consultation---Duplicate}",
  journal = "The International Journal of Man-Machine Studies",
  volume  = 20,
  number  = 1,
  pages   = "3-19",
}
@techreport{r:86,
  author  = "Rice, James",
  year    = 1986,
  title   = "{Poligon: A System for Parallel Problem Solving}",
  type    = "Technical Report", 
  number  = "KSL-86-19", 
  institution = "Dept.\ of Computer Science, Stanford Univ.",
}
@phdthesis{c:79,
  author  = "Clancey, William J.",
  year    = 1979,
  title   = "{Transfer of Rule-Based Expertise
through a Tutorial Dialogue}",
  type    = "{Ph.D.} diss.",
  school  = "Dept.\ of Computer Science, Stanford Univ.",
  address = "Stanford, Calif.",
}
@unpublished{c:21,
  author  = "Clancey, William J.",
  title   = "{The Engineering of Qualitative Models}",
  year    = 2021,
  note    = "Forthcoming",
}
@misc{c:22,
      title={Crime and punishment in scientific research}, 
      author={Mathieu Bouville},
      year={2008},
      eprint={0803.4058},
      archivePrefix={arXiv},
      primaryClass={physics.soc-ph}
}
@misc{c:23,
  title        = "Pluto: The 'Other' Red Planet",
  author       = "{NASA}",
  howpublished = "\url{https://www.nasa.gov/nh/pluto-the-other-red-planet}",
  year         = 2015,
  note         = "Accessed: 2018-12-06"
}

%%%%%%%%%%%%%%%%%%%%%%%%%%%%%%%%%%%%%%%%%%%%%%%%%%%%%%%%%%%%%%%%%%%%%%%%%%%%%%%%%%%%%%%%%%%%%%%%%%

@article{regulation2016regulation,
  title= "Regulation EU 2016/679 of the European Parliament and of the Council of 27 April 2016",
  author={\relax General Data Protection Regulation},
  journal={Official Journal of the European Union. Available at: http://ec. europa. eu/justice/data-protection/reform/files/regulation\_oj\_en. pdf (accessed 20 September 2017)},
  year={2016}
}


@article{rule2008accuracy,
  title={Accuracy and awareness in the perception and categorization of male sexual orientation.},
  author={Rule, N. O and Ambady, N. and Adams Jr, Reginald B and Macrae, C Neil},
  journal={Journal of personality and social psychology},
  volume={95},
  number={5},
  pages={1019},
  year={2008},
  publisher={APA}
}

@article{rule2008brief,
  title={Brief exposures: Male sexual orientation is accurately perceived at 50 ms},
  author={Rule, N. O and Ambady, N.},
  journal={Journal of Experimental Social Psychology},
  volume={44},
  number={4},
  pages={1100--1105},
  year={2008},
  publisher={Elsevier}
}

@article{leuner2019replication,
  title={A Replication Study: Machine Learning Models Are Capable of Predicting Sexual Orientation From Facial Images},
  author={Leuner, J.},
  journal={arXiv preprint arXiv:1902.10739},
  year={2019}
}

@article{wang2018deep,
  title={Deep neural networks are more accurate than humans at detecting sexual orientation from facial images.},
  author={Wang, Y. and Kosinski, M.},
  journal={Journal of personality and social psychology},
  volume={114},
  number={2},
  pages={246},
  year={2018},
  publisher={APA}
}

%%%%%%%% criminal

@book{williams1982criminology,
  title={Criminology and criminal justice},
  author={Williams, J. Eryl Hall and Williams, John Eryl Hall},
  year={1982},
  publisher={Butterworths}
}

@article{valla2011accuracy,
  title={The accuracy of inferences about criminality based on facial appearance.},
  author={Valla, J. M and Ceci, S. J and Williams, W. M},
  journal={Journal of Social, Evolutionary, and Cultural Psychology},
  volume={5},
  number={1},
  pages={66},
  year={2011},
  publisher={NorthEastern Evolutionary Psychology Society}
}

@article{wu2016automated,
  title={Automated inference on criminality using face images},
  author={Wu, X. and Zhang, X.},
  journal={arXiv preprint arXiv:1611.04135},
  pages={4038--4052},
  year={2016},
  publisher={Technical Report}
}

@article{hashemi2020criminal,
  title={Criminal tendency detection from facial images and the gender bias effect},
  author={Hashemi, M. and Hall, M.},
  journal={Journal of Big Data},
  volume={7},
  number={1},
  pages={1--16},
  year={2020},
  publisher={SpringerOpen}
}

@article{bowyer2020criminality,
  title={The “Criminality From Face” Illusion},
  author={Bowyer, K. W and King, M. C and Scheirer, W. J and Vangara, K.},
  journal={IEEE TTS},
  volume={1},
  number={4},
  pages={175--183},
  year={2020}
}

%%%%%%victims of dv

@inproceedings{majumdar2018detecting,
  title={On detecting domestic abuse via faces},
  author={Majumdar, P. and Chhabra, S. and Singh, R. and Vatsa, M.},
  booktitle={IEEE CVPRW},
  pages={2173--2179},
  year={2018}
}

@inproceedings{majumdar2019subclass,
  title={Subclass Contrastive Loss for Injured Face Recognition},
  author={Majumdar, P. and Chhabra, S. and Singh, R. and Vatsa, M.},
  booktitle={IEEE BTAS},
  pages={1--7},
  year={2019}
}

@article{majumdar2020recognizing,
  title={Recognizing Injured Faces via SCIFI Loss},
  author={Majumdar, P. and Chhabra, S. and Singh, R. and Vatsa, M.},
  journal={IEEE TBIOM},
  year={2020}
}

%%%%%%%%%%% drugs
@inproceedings{gupta2020deep,
  title={Deep Learning Framework for Detection of an Illicit Drug Abuser Using Facial Image},
  author={Gupta, T. and Goyal, M. and Kumar, G. and Raman, B.},
  booktitle={ICCVIU},
  pages={11--20},
  year={2020},
  organization={Springer}
}

@inproceedings{yadav2016effect,
  title={Effect of illicit drug abuse on face recognition},
  author={Yadav, D. and Kohli, N. and Pandey, P. and Singh, R. and Vatsa, M. and Noore, A.},
  booktitle={IEEE WACV},
  pages={1--7},
  year={2016},
  organization={IEEE}
}

@inproceedings{pandey2016face,
  title={Face recognition using scattering wavelet under Illicit Drug Abuse variations},
  author={Pandey, P. and Singh, R. and Vatsa, M.},
  booktitle={IEEE ICB},
  pages={1--6},
  year={2016}
}

@inproceedings{raghavendra2016impact,
  title={Impact of drug abuse on face recognition systems: a preliminary study},
  author={Raghavendra, R. and Raja, K. B and Busch, C.},
  booktitle={SIN},
  pages={24--27},
  year={2016}
}

%%%%%%%%% POLITICAL

@inproceedings{joo2015automated,
  title={Automated facial trait judgment and election outcome prediction: Social dimensions of face},
  author={Joo, J. and Steen, F. F and Zhu, S.},
  booktitle={IEEE ICCV},
  pages={3712--3720},
  year={2015}
}

@article{rule2010democrats,
  title={Democrats and Republicans can be differentiated from their faces},
  author={Rule, N. O and Ambady, N.},
  journal={PloS one},
  volume={5},
  number={1},
  pages={e8733},
  year={2010},
  publisher={Public Library of Science}
}

@article{kosinski2021facial,
  title={Facial recognition technology can expose political orientation from naturalistic facial images},
  author={Kosinski, M.},
  journal={Scientific reports},
  volume={11},
  number={1},
  pages={1--7},
  year={2021},
  publisher={Nature Publishing Group}
}

@article{todorov2005inferences,
  title={Inferences of competence from faces predict election outcomes},
  author={Todorov, A. and Mandisodza, A. N and Goren, A. and Hall, C. C},
  journal={Science},
  volume={308},
  number={5728},
  pages={1623--1626},
  year={2005},
  publisher={American Association for the Advancement of Science}
}

@article{samochowiec2010political,
  title={Political ideology at face value},
  author={Samochowiec, J. and W{\"a}nke, M. and Fiedler, K.},
  journal={Social Psychological and Personality Science},
  volume={1},
  number={3},
  pages={206--213},
  year={2010},
  publisher={Sage Publications Sage CA: Los Angeles, CA}
}

@article{olivola2012republicans,
  title={Republicans prefer Republican-looking leaders: Political facial stereotypes predict candidate electoral success among right-leaning voters},
  author={Olivola, C. Y and Sussman, A. B and Tsetsos, K. and Kang, O. E and Todorov, A.},
  journal={Social Psychological and Personality Science},
  volume={3},
  number={5},
  pages={605--613},
  year={2012},
  publisher={Sage Publications Sage CA: Los Angeles, CA}
}

@inproceedings{xi2020understanding,
  title={Understanding the political ideology of legislators from social media images},
  author={Xi, N. and Ma, D. and Liou, M. and Steinert T., Zachary C and Anastasopoulos, J. and Joo, J.},
  booktitle={ICWSM},
  volume={14},
  pages={726--737},
  year={2020}
}

@article{fino2019unfolding,
  title={Unfolding political attitudes through the face: facial expressions when reading emotion language of left-and right-wing political leaders},
  author={Fino, E. and Menegatti, M. and Avenanti, A. and Rubini, M.},
  journal={Scientific reports},
  volume={9},
  number={1},
  pages={1--10},
  year={2019},
  publisher={Nature Publishing Group}
}

%%%%%%%%%%% proactive
@inproceedings{ganguly2017detecting,
  title={Detecting sexually provocative images},
  author={Ganguly, D. and Mofrad, M. H and Kovashka, A.},
  booktitle={IEEE WACV},
  pages={660--668},
  year={2017}
}

%%%% de-identification
@inproceedings{korshunov2013using,
  title={Using face morphing to protect privacy},
  author={Korshunov, P. and Ebrahimi, T.},
  booktitle={IEEE AVSS},
  pages={208--213},
  year={2013}
}

@inproceedings{korshunov2013usingwarping,
  title={Using warping for privacy protection in video surveillance},
  author={Korshunov, P. and Ebrahimi, T.},
  booktitle={IEEE DSP},
  pages={1--6},
  year={2013}
}

@inproceedings{korshunov2014towards,
  title={Towards optimal distortion-based visual privacy filters},
  author={Korshunov, P. and Ebrahimi, T.},
  booktitle={IEEE ICIP},
  pages={6051--6055},
  year={2014}
}

@inproceedings{erdelyi2014adaptive,
  title={Adaptive cartooning for privacy protection in camera networks},
  author={Erd{\'e}lyi, A. and Bar{\'a}t, T. and Valet, P. and Winkler, T. and Rinner, B.},
  booktitle={IEEE AVSS},
  pages={44--49},
  year={2014}
}

@article{dufaux2008scrambling,
  title={Scrambling for privacy protection in video surveillance systems},
  author={Dufaux, F. and Ebrahimi, T.},
  journal={IEEE TCSVT},
  volume={18},
  number={8},
  pages={1168--1174},
  year={2008}
}

@inproceedings{dufaux2010framework,
  title={A framework for the validation of privacy protection solutions in video surveillance},
  author={Dufaux, F. and Ebrahimi, T.},
  booktitle={IEEE ICME},
  pages={66--71},
  year={2010}
}

@inproceedings{jourabloo2015attribute,
  title={Attribute preserved face de-identification},
  author={Jourabloo, A. and Yin, X. and Liu, X.},
  booktitle={IEEE ICB},
  pages={278--285},
  year={2015}
}

@article{meden2017face,
  title={Face deidentification with generative deep neural networks},
  author={Meden, B. and Mall{\i}, R. Can and F., S. and Ekenel, H. K. and {\v{S}}truc, V. and Peer, P.},
  journal={IET Signal Processing},
  volume={11},
  number={9},
  pages={1046--1054},
  year={2017}
}

@article{wu2018privacy,
  title={Privacy-protective-gan for face de-identification},
  author={Wu, Y. and Yang, F. and Ling, H.},
  journal={arXiv preprint arXiv:1806.08906},
  year={2018}
}

@inproceedings{li2019anonymousnet_old_DO_NOT_USE,
  title={AnonymousNet: Natural face de-identification with measurable privacy},
  author={Li, T. and Lin, L.},
  booktitle={IEEE CVPRW},
  pages={0--0},
  year={2019}
}

@incollection{schiff2009respectful,
  title={Respectful cameras: Detecting visual markers in real-time to address privacy concerns},
  author={Schiff, J. and Meingast, M. and Mulligan, D. K and Sastry, S. and Goldberg, K.},
  booktitle={Protecting Privacy in Video Surveillance},
  pages={65--89},
  year={2009},
  publisher={Springer}
}

@inproceedings{chattopadhyay2007privacycam,
  title={Privacycam: a privacy preserving camera using uclinux on the blackfin dsp},
  author={Chattopadhyay, A. and Boult, T. E},
  booktitle={IEEE CVPR},
  pages={1--8},
  year={2007},
  organization={IEEE}
}

@inproceedings{winkler2010trustcam,
  title={Trustcam: Security and privacy-protection for an embedded smart camera based on trusted computing},
  author={Winkler, T. and Rinner, B.},
  booktitle={IEEE AVSS},
  pages={593--600},
  year={2010},
  organization={IEEE}
}

@inproceedings{yu2007privacy,
  title={Privacy preserving: hiding a face in a face},
  author={Yu, X. and Babaguchi, N.},
  booktitle={ACCV},
  pages={651--661},
  year={2007},
  organization={Springer}
}

%%%% attribute

@inproceedings{othman2014privacy,
title={Privacy of Facial Soft Biometrics: Suppressing Gender But Retaining Identity.},
author={Othman, A. A and Ross, A.},
booktitle={ECCVW},
pages={682--696},
year={2014}
}

@article{mirjalilisoft,
  title={Soft Biometric Privacy: Retaining Biometric Utility of Face Images while Perturbing Gender},
  author={Mirjalili, V. and Ross, A.},
  journal={IEEE IJCB},
  year={2017}
}

@inproceedings{mirjalili2018semi,
  title={Semi-adversarial networks: Convolutional autoencoders for imparting privacy to face images},
  author={Mirjalili, V. and Raschka, S. and Namboodiri, A. and Ross, A.},
  booktitle={IEEE ICB},
  pages={82--89},
  year={2018}
}

@inproceedings{mirjalili2018gender,
  title={Gender privacy: An ensemble of semi adversarial networks for confounding arbitrary gender classifiers},
  author={Mirjalili, V. and Raschka, S. and Ross, A.},
  booktitle={IEEE BTAS},
  pages={1--10},
  year={2018}
}

@article{mirjalili2019flowsan,
  title={Flowsan: Privacy-enhancing semi-adversarial networks to confound arbitrary face-based gender classifiers},
  author={Mirjalili, V. and Raschka, S. and Ross, A.},
  journal={IEEE Access},
  volume={7},
  pages={99735--99745},
  year={2019}
}

@article{mirjalili2020privacynet,
  title={PrivacyNet: semi-adversarial networks for multi-attribute face privacy},
  author={Mirjalili, V. and Raschka, S. and Ross, A.},
  journal={IEEE TIP},
  volume={29},
  pages={9400--9412},
  year={2020}
}

@article{terhorst2020unsupervised,
  title={Unsupervised enhancement of soft-biometric privacy with negative face recognition},
  author={Terh{\"o}rst, P. and Huber, M. and Damer, N. and Kirchbuchner, F. and Kuijper, A.},
  journal={arXiv preprint arXiv:2002.09181},
  year={2020}
}


@inproceedings{terhorst2019suppressing,
  title={Suppressing gender and age in face templates using incremental variable elimination},
  author={Terh{\"o}rst, P. and Damer, N. and Kirchbuchner, F. and Kuijper, A.},
  booktitle={IEEE ICB},
  pages={1--8},
  year={2019}
}

@article{terhorst2020pe,
  title={PE-MIU: A training-free privacy-enhancing face recognition approach based on minimum information units},
  author={Terh{\"o}rst, P. and Riehl, K. and Damer, N. and Rot, P. and Bortolato, B. and Kirchbuchner, F. and Struc, V. and Kuijper, A.},
  journal={IEEE Access},
  volume={8},
  pages={93635--93647},
  year={2020},
  publisher={IEEE}
}

@inproceedings{terhorst2020privacy,
  title={Privacy Evaluation Protocols for the Evaluation of Soft-Biometric Privacy-Enhancing Technologies},
  author={Terh{\"o}rst, P. and Huber, M. and Damer, N. and Rot, P. and Kirchbuchner, F. and Struc, V. and Kuijper, A.},
  booktitle={IEEE BIOSIG},
  pages={1--5},
  year={2020}
}


@inproceedings{chhabra2018anonymizing,
  title={Anonymizing k-facial attributes via adversarial perturbations},
  author={Chhabra, S. and Singh, R. and Vatsa, M. and Gupta, G.},
  year = {2018},
  isbn = {9780999241127},
  booktitle = {IJCAI},
  pages = {656–662},
  numpages = {7},
  publisher = {AAAI Press}
}



@inproceedings{rozsa2016facial,
  title={Are facial attributes adversarially robust?},
  author={Rozsa, Andras and G{\"u}nther, Manuel and Rudd, Ethan M and Boult, Terrance E},
  booktitle={IEEE ICPR},
  pages={3121--3127},
  year={2016}
}

@article{rozsa2017facial,
title={Facial Attributes: Accuracy and Adversarial Robustness},
author={Rozsa, A. and G{\"u}nther, M. and Rudd, E. M and Boult, T. E},
journal={PRL https://doi.org/10.1016/j.patrec.2017.10.024},
year={2017}
}


@article{brkic2017protecting,
  title={Protecting the privacy of humans in video sequences using a computer vision-based de-identification pipeline},
  author={Brki{\'c}, K. and Hrka{\'c}, T. and Kalafati{\'c}, Z.},
  journal={Expert Systems with Applications},
  volume={87},
  pages={41--55},
  year={2017},
  publisher={Elsevier}
}

%%%%%%%%%% Drones %%%%%%%%%%%%

@book{marzocchi2015privacy,
  title={Privacy and Data Protection Implications of the Civil Use of Drones: In-depth Analysis},
  author={Marzocchi, O.},
  year={2015},
  publisher={European Union}
}


@article{clarke2014regulation,
  title={The regulation of civilian drones' impacts on behavioural privacy},
  author={Clarke, R.},
  journal={Computer Law \& Security Review},
  volume={30},
  number={3},
  pages={286--305},
  year={2014},
  publisher={Elsevier}
}

@book{cavoukian2013surveillance,
  title={Surveillance, then and now: Securing privacy in public spaces},
  author={Cavoukian, A.},
  year={2013},
  publisher={IPV}
}

@inproceedings{wilson2014ethical,
  title={Ethical issues with use of drone aircraft},
  author={Wilson, R. L},
  booktitle={IEEE International Symposium on Ethics},
  pages={56},
  year={2014},
  organization={IEEE Press}
}

@article{villasenor2013observations,
  title={Observations from above: unmanned aircraft systems and privacy},
  author={Villasenor, J.},
  journal={Harv. JL \& Pub. Pol'y},
  volume={36},
  pages={457},
  year={2013},
  publisher={HeinOnline}
}

@book{cavoukian2012privacy,
  title={Privacy and drones: Unmanned aerial vehicles},
  author={Cavoukian, A.},
  year={2012},
  publisher={IPV}
}

%%%%%%%% identity
@inproceedings{gafni2019live,
  title={Live face de-identification in video},
  author={Gafni, O. and Wolf, L. and Taigman, Y.},
  booktitle={IEEE ICCV},
  pages={9378--9387},
  year={2019}
}

@inproceedings{maximov2020ciagan,
  title={Ciagan: Conditional identity anonymization generative adversarial networks},
  author={Maximov, M. and Elezi, I. and Leal T., L.},
  booktitle={IEEE CVPR},
  pages={5447--5456},
  year={2020}
}

@article{yang2020towards,
  title={Towards privacy protection by generating adversarial identity masks},
  author={Yang, X. and Dong, Yinpeng and P., Tianyu and Zhu, J. and Su, H.},
  journal={arXiv preprint arXiv:2003.06814},
  year={2020}
}

@inproceedings{zhu2020deepfakes,
  title={Deepfakes for Medical Video De-Identification: Privacy Protection and Diagnostic Information Preservation},
  author={Zhu, B. and Fang, H. and Sui, Y. and Li, L.},
  booktitle={ACM AIES},
  pages={414--420},
  year={2020}
}

@inproceedings{le2020anonfaces,
  title={AnonFACES: Anonymizing Faces Adjusted to Constraints on Efficacy and Security},
  author={Le, M. and Khan, Md. S. N. and Tsaloli, G. and Carlsson, N. and Buchegger, S.},
  booktitle={ACM WPES},
  pages={87--100},
  year={2020}
}

% Gender and age

@article{dantcheva2016gender,
  title={Gender estimation based on smile-dynamics},
  author={Dantcheva, A. and Br{\'e}mond, F.},
  journal={IEEE TIFS},
  volume={12},
  number={3},
  pages={719--729},
  year={2016}
}

@inproceedings{da2015exploring,
  title={Exploring gender prediction from iris biometrics},
  author={Da C., Marjory and Fairhurst, M. and Erbilek, M.},
  booktitle={IEEE BIOSIG},
  year={2015}
}

@inproceedings{bilinski2016can,
  title={Can a smile reveal your gender?},
  author={Bilinski, P. and Dantcheva, A. and Br{\'e}mond, F.},
  booktitle={IEEE BIOSIG},
  pages={1--6},
  year={2016}
}

@article{sun2017demographic,
  title={Demographic analysis from biometric data: Achievements, challenges, and new frontiers},
  author={Y. Sun  and M. Zhang and A. Sun and T. Tan},
  journal={IEEE TPAMI},
  volume={40},
  number={2},
  pages={332--351},
  year={2017}
}

Gugulethu ; Cnythia Hombakazi ; Samuel Lefophane
@inproceedings{8465471,
  author={G. Mabuza-Hocquet and H. C. Ngejane and S. Lefophane },
  booktitle={ICABCD},
  title={Predicting and Classifying Gender from the Human Iris: A Survey on Recent Advances}, 
  year={2018},
  volume={},
  number={},
  pages={1-5},
  doi={10.1109/ICABCD.2018.8465471}}
 
  
  @INPROCEEDINGS{7926716,
  author={A. {Kuehlkamp} and B. {Becker} and K. {Bowyer}},
  booktitle={IEEE WACV}, 
  title={Gender-from-Iris or Gender-from-Mascara?}, 
  year={2017},
  volume={},
  number={},
  pages={1151-1159},
  doi={10.1109/WACV.2017.133}}
  
  @INPROCEEDINGS{8659186,
  author={A. {Kuehlkamp} and K. {Bowyer}},
  booktitle={IEEE WACV}, 
  title={Predicting Gender From Iris Texture May Be Harder Than It Seems}, 
  year={2019},
  volume={},
  number={},
  pages={904-912},
  doi={10.1109/WACV.2019.00101}}
  
  @INPROCEEDINGS{8982474,
  author={S. {Jilani} and H. {Ugail} and A. {Logan}},
  booktitle={SKIMA}, 
  title={The Computer Nose Best}, 
  year={2019},
  volume={},
  number={},
  pages={1-6},
  doi={10.1109/SKIMA47702.2019.8982474}}
  
  @article{7060650,
  author={H. {Dibeklioğlu} and F. {Alnajar} and A. {Ali Salah} and T. {Gevers}},
  journal={IEEE TIP}, 
  title={Combining Facial Dynamics With Appearance for Age Estimation}, 
  year={2015},
  volume={24},
  number={6},
  pages={1928-1943},
  doi={10.1109/TIP.2015.2412377}}

@article{8882508,
  author={W. {Pei} and H. {Dibeklioğlu} and T. {Baltrušaitis} and D. M. J. {Tax}},
  journal={IEEE TIP}, 
  title={Attended End-to-End Architecture for Age Estimation From Facial Expression Videos}, 
  year={2020},
  volume={29},
  number={},
  pages={1972-1984},
  doi={10.1109/TIP.2019.2948288}}

@INPROCEEDINGS{8756595,
  author={J. C. S. {Jacques Junior} and C. {Ozcinar} and M. {Marjanovic} and X. {Baró} and G. {Anbarjafari} and S. {Escalera}},
  booktitle={IEEE FG}, 
  title={On the effect of age perception biases for real age regression}, 
  year={2019},
  volume={},
  number={},
  doi={10.1109/FG.2019.8756595}}
  
  @INPROCEEDINGS{1301530,
  author={S. {Hosoi} and E. {Takikawa} and M. {Kawade}},
  booktitle={IEEE FG}, 
  title={Ethnicity estimation with facial images}, 
  year={2004},
  volume={},
  number={},
  pages={195-200},
  doi={10.1109/AFGR.2004.1301530}}
  
  @ARTICLE{6678511,
  author={Z. {Sun} and H. {Zhang} and T. {Tan} and J. {Wang}},
  journal={IEEE TPAMI}, 
  title={Iris Image Classification Based on Hierarchical Visual Codebook}, 
  year={2014},
  volume={36},
  number={6},
  pages={1120-1133},
  doi={10.1109/TPAMI.2013.234}}
  
  @link{Accused,
  title = {Wrongfully Accused by an Algorithm},
  howpublished = {\url{https://tinyurl.com/kfh7kfva}},
  year ={2020} 
}

  @link{AverageFace,
  title = {Do YOU look like a politician, porn star or golfer? Algorithm reveals the 'average face' of people in different professions},
  howpublished = {\url{https://tinyurl.com/kfh7kfva}},
  year ={2017} 
}


%https://www.dailymail.co.uk/sciencetech/article-4951430/Algorithm-reveals-average-face-different-professions.html
% Link to the news article: https://www.nytimes.com/2020/06/24/technology/facial-recognition-arrest.html

@inproceedings{al2017gender,
  title={On gender identification using the smile dynamics},
  author={Al-Dahoud, A. and Ugail, H.},
  booktitle={IEEE CW},
  pages={1--8},
  year={2017}
}

@article{xia2018facial,
  title={Which Facial Expressions Can Reveal Your Gender? A Study With 3D Faces},
  author={Xia, B.},
  
  journal={arXiv preprint arXiv:1805.00371},
  year={2018}
}
##########################################################
@article{chen2021privacy,
  title={Privacy preservation for image data: A GAN-based method},
  author={Chen, Zhenfei and Zhu, Tianqing and Xiong, Ping and Wang, Chenguang and Ren, Wei},
  journal={IJIS},
  volume={36},
  number={4},
  pages={1668--1685},
  year={2021},
  publisher={Wiley Online Library}
}

@article{lin2021fpgan,
  title={FPGAN: Face de-identification method with generative adversarial networks for social robots},
  author={Lin, Jiacheng and Li, Yang and Yang, Guanci},
  journal={Elsevier NN},
  volume={133},
  pages={132--147},
  year={2021}
}

@inproceedings{pan2021multi,
  title={A Multi-Factor Combinations Enhanced Reversible Privacy Protection System for Facial Images},
  author={Pan, Yi-Lun and Chen, Jun-Cheng and Wu, Ja-Ling},
  booktitle={IEEE ICME},
  pages={1--6},
  year={2021}
}

%%%%%%%%%%%%%%%%%%%%%%%%%%%%%%%%%%%%%%%%%%%%%%%%%%%%%%%%%%%%%%%%%%%%%%%%%%%%%%%%%%%%%%%%%%%%%%%%%%%%%%%%%%%%%%%%%
@inproceedings{albiero2020does,
  title={How does gender balance in training data affect face recognition accuracy?},
  author={Albiero, V{\'\i}tor and Zhang, Kai and Bowyer, Kevin W},
  booktitle={2020 ieee international joint conference on biometrics (ijcb)},
  pages={1--10},
  year={2020},
  organization={IEEE}
}
  
 @article{wang2022revise,
  title={REVISE: A tool for measuring and mitigating bias in visual datasets},
  author={Wang, Angelina and Liu, Alexander and Zhang, Ryan and Kleiman, Anat and Kim, Leslie and Zhao, Dora and Shirai, Iroha and Narayanan, Arvind and Russakovsky, Olga},
  journal={International Journal of Computer Vision},
  pages={1--21},
  year={2022},
  publisher={Springer}
}


@inproceedings{
asano2021pass,
title={{PASS}: An ImageNet replacement for self-supervised pretraining without humans},
author={Yuki M Asano and Christian Rupprecht and Andrew Zisserman and Andrea Vedaldi},
booktitle={Thirty-fifth Conference on Neural Information Processing Systems Datasets and Benchmarks Track (Round 1)},
year={2021},
url={https://openreview.net/forum?id=BwzYI-KaHdr}
}

@inproceedings{rojasdollar,
  title={The Dollar Street Dataset: Images Representing the Geographic and Socioeconomic Diversity of the World},
  author={Rojas, William A Gaviria and Diamos, Sudnya and Kini, Keertan Ranjan and Kanter, David and Reddi, Vijay Janapa and Coleman, Cody},
  booktitle={Conference on Neural Information Processing Systems Datasets and Benchmarks Track},
year={2022},
}

%%%%%%%%%%%%%% Privacy %%%%%%%%%%%%%%%%%%%%%

@inproceedings{yang2022study,
  title={A study of face obfuscation in imagenet},
  author={Yang, Kaiyu and Yau, Jacqueline H and Fei-Fei, Li and Deng, Jia and Russakovsky, Olga},
  booktitle={International Conference on Machine Learning},
  pages={25313--25330},
  year={2022},
  organization={PMLR}
}

@article{asano2021pass,
  title={PASS: An ImageNet replacement for self-supervised pretraining without humans},
  author={Asano, Yuki M and Rupprecht, Christian and Zisserman, Andrew and Vedaldi, Andrea},
  journal={arXiv preprint arXiv:2109.13228},
  year={2021}
}

@inproceedings{orekondy2018connecting,
  title={Connecting pixels to privacy and utility: Automatic redaction of private information in images},
  author={Orekondy, Tribhuvanesh and Fritz, Mario and Schiele, Bernt},
  booktitle={Proceedings of the IEEE Conference on Computer Vision and Pattern Recognition},
  pages={8466--8475},
  year={2018}
}

@article{wu2020privacy,
  title={Privacy-preserving deep action recognition: An adversarial learning framework and a new dataset},
  author={Wu, Zhenyu and Wang, Haotao and Wang, Zhaowen and Jin, Hailin and Wang, Zhangyang},
  journal={IEEE Transactions on Pattern Analysis and Machine Intelligence},
  year={2020},
  publisher={IEEE}
}


@inproceedings{gnanasekar2019face,
  title={Face Attributes and Detection of Drug Addicts},
  author={Gnanasekar, Sudarsini Tekkam and Yanushkevich, Svetlana},
  booktitle={2019 Eighth International Conference on Emerging Security Technologies (EST)},
  pages={1--6},
  year={2019},
  organization={IEEE}
}

@misc{socialmapper,
  title = {Social Mapper},
  howpublished = {\url{https://github.com/Greenwolf/social\_mapper}},
  year ={2021} 
}

@misc{findface,
  title = {FindFace},
  howpublished = {\url{https://ntechlab.com/}},
  year ={2016} 
}

@misc{facepp,
 title = {Face++},
  howpublished = {\url{https://www.faceplusplus.com/}},
  year ={2017}
}

@INPROCEEDINGS{5958033,
  author={Shokri, Reza and Theodorakopoulos, George and Le Boudec, Jean-Yves and Hubaux, Jean-Pierre},
  booktitle={2011 IEEE Symposium on Security and Privacy}, 
  title={Quantifying Location Privacy}, 
  year={2011},
  volume={},
  number={},
  pages={247-262},
  doi={10.1109/SP.2011.18}}
  
 
@link{AIbeatsBridge,
  title = {Hybrid AI beats eight world champions at bridge},
  howpublished = {\url{https://indiaai.gov.in/article/hybrid-ai-beats-eight-world-champions-at-bridge}},
  year ={2022} 
}

@link{CXRspottinhbyAI,
  title = {An AI used medical notes to teach itself to spot disease on chest x-rays},
  howpublished = {\url{https://www.technologyreview.com/2022/09/15/1059541/ai-medical-notes-teach-itself-spot-disease-chest-x-rays/}},
  year ={2022} 
}


@link{HeartscanAI,
  title = {First-of-its-kind trial shows AI beat humans at analyzing heart scans},
  howpublished = {\url{https://www.freethink.com/health/lvef-echonet}},
  year ={2022} 
}

@link{ArtbyAI,
  title = {AI-generated art won a fine arts competition – and artists are up in arms},
  howpublished = {\url{https://www.creativebloq.com/news/ai-art-wins-competition}},
  year ={2022} 
}

@link{facerec, 
    title= {Face recognition on 330 million faces at 400 images per second},
    howpublished= {\url{https://towardsdatascience.com/face-recognition-on-330-million-images-at-400-images-per-second-b85e594eab66}},
    year={2020}}
    
@inproceedings{deng2009imagenet,
  title={Imagenet: A large-scale hierarchical image database},
  author={Deng, Jia and Dong, Wei and Socher, Richard and Li, Li-Jia and Li, Kai and Fei-Fei, Li},
  booktitle={2009 IEEE conference on computer vision and pattern recognition},
  pages={248--255},
  year={2009},
  organization={Ieee}
}

@article{yi2014learning,
  title={Learning face representation from scratch},
  author={Yi, Dong and Lei, Zhen and Liao, Shengcai and Li, Stan Z},
  journal={arXiv preprint arXiv:1411.7923},
  year={2014}
}

@inproceedings{grauman2022ego4d,
  title={Ego4d: Around the world in 3,000 hours of egocentric video},
  author={Grauman, Kristen and Westbury, Andrew and Byrne, Eugene and Chavis, Zachary and Furnari, Antonino and Girdhar, Rohit and Hamburger, Jackson and Jiang, Hao and Liu, Miao and Liu, Xingyu and others},
  booktitle={Proceedings of the IEEE/CVF Conference on Computer Vision and Pattern Recognition},
  pages={18995--19012},
  year={2022}
}

@article{geirhos2020shortcut,
  title={Shortcut learning in deep neural networks},
  author={Geirhos, Robert and Jacobsen, J{\"o}rn-Henrik and Michaelis, Claudio and Zemel, Richard and Brendel, Wieland and Bethge, Matthias and Wichmann, Felix A},
  journal={Nature Machine Intelligence},
  volume={2},
  number={11},
  pages={665--673},
  year={2020},
  publisher={Nature Publishing Group}
}


@link{EthicsCVPR,
  title = {ETHICS GUIDELINES, CVPR 2022},
  howpublished = {\url{https://cvpr2022.thecvf.com/ethics-guidelines}},
  year ={2022} 
}

@inproceedings{moschoglou2017agedb,
  title={Agedb: the first manually collected, in-the-wild age database},
  author={Moschoglou, Stylianos and Papaioannou, Athanasios and Sagonas, Christos and Deng, Jiankang and Kotsia, Irene and Zafeiriou, Stefanos},
  booktitle={proceedings of the IEEE conference on computer vision and pattern recognition workshops},
  pages={51--59},
  year={2017}
}


%%%%%%%%%%%%%%%%%%%%%%%%%%%%%%%%%%%%%%%%%%%%%%%%%%%%%%%%%%%%%%%%%%%%%%%%%%%%%%%%%%%%%
%% Medical Datasets

@inproceedings{wang2017chestx,
  title={Chestx-ray8: Hospital-scale chest x-ray database and benchmarks on weakly-supervised classification and localization of common thorax diseases},
  author={Wang, Xiaosong and Peng, Yifan and Lu, Le and Lu, Zhiyong and Bagheri, Mohammadhadi and Summers, Ronald M},
  booktitle={Proceedings of the IEEE conference on computer vision and pattern recognition},
  pages={2097--2106},
  year={2017}
}

@inproceedings{irvin2019chexpert,
  title={Chexpert: A large chest radiograph dataset with uncertainty labels and expert comparison},
  author={Irvin, Jeremy and Rajpurkar, Pranav and Ko, Michael and Yu, Yifan and Ciurea-Ilcus, Silviana and Chute, Chris and Marklund, Henrik and Haghgoo, Behzad and Ball, Robyn and Shpanskaya, Katie and others},
  booktitle={Proceedings of the AAAI conference on artificia intelligence},
  volume={33},
  number={01},
  pages={590--597},
  year={2019}
}

@article{bustos2020padchest,
  title={Padchest: A large chest x-ray image dataset with multi-label annotated reports},
  author={Bustos, Aurelia and Pertusa, Antonio and Salinas, Jose-Maria and de la Iglesia-Vay{\'a}, Maria},
  journal={Medical image analysis},
  volume={66},
  pages={101797},
  year={2020},
  publisher={Elsevier}
}

@article{vaya2020bimcv,
  title={BIMCV COVID-19+: a large annotated dataset of RX and CT images from COVID-19 patients},
  author={Vay{\'a}, Maria De La Iglesia and Saborit, Jose Manuel and Montell, Joaquim Angel and Pertusa, Antonio and Bustos, Aurelia and Cazorla, Miguel and Galant, Joaquin and Barber, Xavier and Orozco-Beltr{\'a}n, Domingo and Garc{\'\i}a-Garc{\'\i}a, Francisco and others},
  journal={arXiv preprint arXiv:2006.01174},
  year={2020}
}

@article{jaeger2014two,
  title={Two public chest X-ray datasets for computer-aided screening of pulmonary diseases},
  author={Jaeger, Stefan and Candemir, Sema and Antani, Sameer and W{\'a}ng, Y{\`\i}-Xi{\'a}ng J and Lu, Pu-Xuan and Thoma, George},
  journal={Quantitative imaging in medicine and surgery},
  volume={4},
  number={6},
  pages={475},
  year={2014},
  publisher={AME Publications}
}

@article{shih2019augmenting,
  title={Augmenting the national institutes of health chest radiograph dataset with expert annotations of possible pneumonia},
  author={Shih, George and Wu, Carol C and Halabi, Safwan S and Kohli, Marc D and Prevedello, Luciano M and Cook, Tessa S and Sharma, Arjun and Amorosa, Judith K and Arteaga, Veronica and Galperin-Aizenberg, Maya and others},
  journal={Radiology: Artificial Intelligence},
  volume={1},
  number={1},
  pages={e180041},
  year={2019},
  publisher={Radiological Society of North America}
}

@article{cohen2020covidProspective,
  title={COVID-19 Image Data Collection: Prospective Predictions Are the Future},
  author={Joseph Paul Cohen and Paul Morrison and Lan Dao and Karsten Roth and Tim Q Duong and Marzyeh Ghassemi},
  journal={arXiv 2006.11988},
  url={https://github.com/ieee8023/covid-chestxray-dataset},
  year={2020}
}

%%%%%%%%%%%%%%%%%%%%%%%%%%%%%%%%%%%%%%%%%%%%%%%%%%%%%%%%%%%%%%%%%%%%%%%%%%%%%%%%%%%%%
%% Biometric Datasets

@inproceedings{maze2018iarpa,
  title={Iarpa janus benchmark-c: Face dataset and protocol},
  author={Maze, Brianna and Adams, Jocelyn and Duncan, James A and Kalka, Nathan and Miller, Tim and Otto, Charles and Jain, Anil K and Niggel, W Tyler and Anderson, Janet and Cheney, Jordan and others},
  booktitle={2018 international conference on biometrics (ICB)},
  pages={158--165},
  year={2018},
  organization={IEEE}
}

@inproceedings{karkkainen2021fairface,
  title={Fairface: Face attribute dataset for balanced race, gender, and age for bias measurement and mitigation},
  author={Karkkainen, Kimmo and Joo, Jungseock},
  booktitle={Proceedings of the IEEE/CVF Winter Conference on Applications of Computer Vision},
  pages={1548--1558},
  year={2021}
}

@inproceedings{liu2015deep,
  title={Deep learning face attributes in the wild},
  author={Liu, Ziwei and Luo, Ping and Wang, Xiaogang and Tang, Xiaoou},
  booktitle={Proceedings of the IEEE international conference on computer vision},
  pages={3730--3738},
  year={2015}
}

@inproceedings{chen2014cross,
  title={Cross-age reference coding for age-invariant face recognition and retrieval},
  author={Chen, Bor-Chun and Chen, Chu-Song and Hsu, Winston H},
  booktitle={European conference on computer vision},
  pages={768--783},
  year={2014},
  organization={Springer}
}

@inproceedings{ricanek2006morph,
  title={Morph: A longitudinal image database of normal adult age-progression},
  author={Ricanek, Karl and Tesafaye, Tamirat},
  booktitle={7th international conference on automatic face and gesture recognition (FGR06)},
  pages={341--345},
  year={2006},
  organization={IEEE}
}

@inproceedings{kalra2019dronesurf,
  title={Dronesurf: Benchmark dataset for drone-based face recognition},
  author={Kalra, Isha and Singh, Maneet and Nagpal, Shruti and Singh, Richa and Vatsa, Mayank and Sujit, PB},
  booktitle={2019 14th IEEE International Conference on Automatic Face \& Gesture Recognition (FG 2019)},
  pages={1--7},
  year={2019},
  organization={IEEE}
}

@article{grgic2011scface,
  title={SCface--surveillance cameras face database},
  author={Grgic, Mislav and Delac, Kresimir and Grgic, Sonja},
  journal={Multimedia tools and applications},
  volume={51},
  number={3},
  pages={863--879},
  year={2011},
  publisher={Springer}
}

@inproceedings{ryan2009automated,
  title={Automated facial expression recognition system},
  author={Ryan, Andrew and Cohn, Jeffery F and Lucey, Simon and Saragih, Jason and Lucey, Patrick and De la Torre, Fernando and Rossi, Adam},
  booktitle={43rd annual 2009 international Carnahan conference on security technology},
  pages={172--177},
  year={2009},
  organization={IEEE}
}

@article{hazirbas2021towards,
  title={Towards measuring fairness in ai: the casual conversations dataset},
  author={Hazirbas, Caner and Bitton, Joanna and Dolhansky, Brian and Pan, Jacqueline and Gordo, Albert and Ferrer, Cristian Canton},
  journal={IEEE Transactions on Biometrics, Behavior, and Identity Science},
  year={2021},
  publisher={IEEE}
}

@inproceedings{shi2020pv,
  title={Pv-rcnn: Point-voxel feature set abstraction for 3d object detection},
  author={Shi, Shaoshuai and Guo, Chaoxu and Jiang, Li and Wang, Zhe and Shi, Jianping and Wang, Xiaogang and Li, Hongsheng},
  booktitle={Proceedings of the IEEE/CVF Conference on Computer Vision and Pattern Recognition},
  pages={10529--10538},
  year={2020}
}

@inproceedings{kumar2008facetracer,
  title={Facetracer: A search engine for large collections of images with faces},
  author={Kumar, Neeraj and Belhumeur, Peter and Nayar, Shree},
  booktitle={European conference on computer vision},
  pages={340--353},
  year={2008},
  organization={Springer}
}

@inproceedings{kumar2009attribute,
  title={Attribute and simile classifiers for face verification},
  author={Kumar, Neeraj and Berg, Alexander C and Belhumeur, Peter N and Nayar, Shree K},
  booktitle={2009 IEEE 12th international conference on computer vision},
  pages={365--372},
  year={2009},
  organization={IEEE}
}

@article{afifi2019afif4,
  title={Afif4: Deep gender classification based on adaboost-based fusion of isolated facial features and foggy faces},
  author={Afifi, Mahmoud and Abdelhamed, Abdelrahman},
  journal={Journal of Visual Communication and Image Representation},
  volume={62},
  pages={77--86},
  year={2019},
  publisher={Elsevier}
}

@inproceedings{gupta2010texas,
  title={Texas 3D face recognition database},
  author={Gupta, Shalini and Castleman, Kenneth R and Markey, Mia K and Bovik, Alan C},
  booktitle={2010 IEEE Southwest Symposium on Image Analysis \& Interpretation (SSIAI)},
  pages={97--100},
  year={2010},
  organization={IEEE}
}

@article{terhorst2021maad,
  title={MAAD-Face: a massively annotated attribute dataset for face images},
  author={Terh{\"o}rst, Philipp and F{\"a}hrmann, Daniel and Kolf, Jan Niklas and Damer, Naser and Kirchbuchner, Florian and Kuijper, Arjan},
  journal={IEEE Transactions on Information Forensics and Security},
  volume={16},
  pages={3942--3957},
  year={2021},
  publisher={IEEE}
}

@inproceedings{wolf2011face,
  title={Face recognition in unconstrained videos with matched background similarity},
  author={Wolf, Lior and Hassner, Tal and Maoz, Itay},
  booktitle={CVPR 2011},
  pages={529--534},
  year={2011},
  organization={IEEE}
}

@inproceedings{wang2018devil,
  title={The devil of face recognition is in the noise},
  author={Wang, Fei and Chen, Liren and Li, Cheng and Huang, Shiyao and Chen, Yanjie and Qian, Chen and Loy, Chen Change},
  booktitle={Proceedings of the European Conference on Computer Vision (ECCV)},
  pages={765--780},
  year={2018}
}

@article{rothe2018deep,
  title={Deep expectation of real and apparent age from a single image without facial landmarks},
  author={Rothe, Rasmus and Timofte, Radu and Van Gool, Luc},
  journal={International Journal of Computer Vision},
  volume={126},
  number={2},
  pages={144--157},
  year={2018},
  publisher={Springer}
}

@inproceedings{ng2014data,
  title={A data-driven approach to cleaning large face datasets},
  author={Ng, Hong-Wei and Winkler, Stefan},
  booktitle={2014 IEEE international conference on image processing (ICIP)},
  pages={343--347},
  year={2014},
  organization={IEEE}
}

@inproceedings{riccio2012ega,
  title={EGA—Ethnicity, gender and age, a pre-annotated face database},
  author={Riccio, Daniel and Tortora, Genny and De Marsico, Maria and Wechsler, Harry},
  booktitle={2012 IEEE Workshop on Biometric Measurements and Systems for Security and Medical Applications (BIOMS) Proceedings},
  pages={1--8},
  year={2012},
  organization={IEEE}
}

@article{tresadern2012mobile,
  title={Mobile biometrics (mobio): Joint face and voice verification for a mobile platform},
  author={Tresadern, Philip and McCool, Chris and Poh, Norman and Matejka, Pavel and Hadid, Abdenour and Levy, Christophe and Cootes, Tim and Marcel, Sebastien},
  journal={IEEE pervasive computing},
  volume={99},
  year={2012}
}

@inproceedings{wong2011patch,
  title={Patch-based probabilistic image quality assessment for face selection and improved video-based face recognition},
  author={Wong, Yongkang and Chen, Shaokang and Mau, Sandra and Sanderson, Conrad and Lovell, Brian C},
  booktitle={CVPR 2011 WORKSHOPS},
  pages={74--81},
  year={2011},
  organization={IEEE}
}

@article{vieira2014detecting,
  title={Detecting siblings in image pairs},
  author={Vieira, Tiago F and Bottino, Andrea and Laurentini, Aldo and De Simone, Matteo},
  journal={The Visual Computer},
  volume={30},
  number={12},
  pages={1333--1345},
  year={2014},
  publisher={Springer}
}

@article{bainbridge2013intrinsic,
  title={The intrinsic memorability of face photographs.},
  author={Bainbridge, Wilma A and Isola, Phillip and Oliva, Aude},
  journal={Journal of Experimental Psychology: General},
  volume={142},
  number={4},
  pages={1323},
  year={2013},
  publisher={American Psychological Association}
}

@article{mavadati2013disfa,
  title={Disfa: A spontaneous facial action intensity database},
  author={Mavadati, S Mohammad and Mahoor, Mohammad H and Bartlett, Kevin and Trinh, Philip and Cohn, Jeffrey F},
  journal={IEEE Transactions on Affective Computing},
  volume={4},
  number={2},
  pages={151--160},
  year={2013},
  publisher={IEEE}
}

@article{lobue2015child,
  title={The Child Affective Facial Expression (CAFE) set: Validity and reliability from untrained adults},
  author={LoBue, Vanessa and Thrasher, Cat},
  journal={Frontiers in psychology},
  volume={5},
  pages={1532},
  year={2015},
  publisher={Frontiers Media SA}
}

@inproceedings{lenc2015unconstrained,
  title={Unconstrained facial images: Database for face recognition under real-world conditions},
  author={Lenc, Ladislav and Kr{\'a}l, Pavel},
  booktitle={Mexican international conference on artificial intelligence},
  pages={349--361},
  year={2015},
  organization={Springer}
}

@article{bianco2017large,
  title={Large age-gap face verification by feature injection in deep networks},
  author={Bianco, Simone},
  journal={Pattern Recognition Letters},
  volume={90},
  pages={36--42},
  year={2017},
  publisher={Elsevier}
}

@inproceedings{sepas2017eurecom,
  title={The IST-EURECOM light field face database},
  author={Sepas-Moghaddam, Alireza and Chiesa, Valeria and Correia, Paulo Lobato and Pereira, Fernando and Dugelay, Jean-Luc},
  booktitle={2017 5th International Workshop on Biometrics and Forensics (IWBF)},
  pages={1--6},
  year={2017},
  organization={IEEE}
}

@inproceedings{kushwaha2018disguised,
  title={Disguised faces in the wild},
  author={Kushwaha, Vineet and Singh, Maneet and Singh, Richa and Vatsa, Mayank and Ratha, Nalini and Chellappa, Rama},
  booktitle={Proceedings of the IEEE Conference on Computer Vision and Pattern Recognition Workshops},
  pages={1--9},
  year={2018}
}

@inproceedings{dantcheva2018show,
  title={Show me your face and I will tell you your height, weight and body mass index},
  author={Dantcheva, Antitza and Bremond, Francois and Bilinski, Piotr},
  booktitle={2018 24th International Conference on Pattern Recognition (ICPR)},
  pages={3555--3560},
  year={2018},
  organization={IEEE}
}

@article{katti2019you,
  title={Are you from North or South India? A hard face-classification task reveals systematic representational differences between humans and machines},
  author={Katti, Harish and Arun, SP},
  journal={Journal of Vision},
  volume={19},
  number={7},
  pages={1--1},
  year={2019},
  publisher={The Association for Research in Vision and Ophthalmology}
}

@article{singh2010plastic,
  title={Plastic surgery: A new dimension to face recognition},
  author={Singh, Richa and Vatsa, Mayank and Bhatt, Himanshu S and Bharadwaj, Samarth and Noore, Afzel and Nooreyezdan, Shahin S},
  journal={IEEE Transactions on Information Forensics and Security},
  volume={5},
  number={3},
  pages={441--448},
  year={2010},
  publisher={IEEE}
}

@misc{stirlingdb,
  author = "Peter Hancock",
  title = "Stirling/ERSC 3D Face Database",
  howpublished = {\url{http://pics.stir.ac.uk/ESRC/}},
  note = {Online; accessed 26 January 2023}
}

@misc{caltech10kfaces,
  author = "Caltech Vision Lab",
  title = "Caltech 10k Web Faces",
  howpublished = {\url{https://www.vision.caltech.edu/datasets/caltech_10k_webfaces/}},
  note = {Online; accessed 26 January 2023}
}

@article{cheema2021sejong,
  title={Sejong face database: A multi-modal disguise face database},
  author={Cheema, Usman and Moon, Seungbin},
  journal={Computer Vision and Image Understanding},
  volume={208},
  pages={103218},
  year={2021},
  publisher={Elsevier}
}

%%%%%%%%%%%%%%%%%%%%%%%%%%%%%%%%%%%%%%%%%%%%%%%%%%%%%%%%%%%%%%%%%%%%%%%%%%%%%%%%%%%%%
%% Related Work

@article{gebru2021datasheets,
  title={Datasheets for datasets},
  author={Gebru, Timnit and Morgenstern, Jamie and Vecchione, Briana and Vaughan, Jennifer Wortman and Wallach, Hanna and Iii, Hal Daum{\'e} and Crawford, Kate},
  journal={Communications of the ACM},
  volume={64},
  number={12},
  pages={86--92},
  year={2021},
  publisher={ACM New York, NY, USA}
}

@article{shannon1948mathematical,
  title={A mathematical theory of communication},
  author={Shannon, Claude Elwood},
  journal={The Bell system technical journal},
  volume={27},
  number={3},
  pages={379--423},
  year={1948},
  publisher={Nokia Bell Labs}
}

@inproceedings{jo2020lessons,
  title={Lessons from archives: Strategies for collecting sociocultural data in machine learning},
  author={Jo, Eun Seo and Gebru, Timnit},
  booktitle={Proceedings of the 2020 conference on fairness, accountability, and transparency},
  pages={306--316},
  year={2020}
}

@inproceedings{birhane2021large,
  title={Large image datasets: A pyrrhic win for computer vision?},
  author={Birhane, Abeba and Prabhu, Vinay Uday},
  booktitle={2021 IEEE Winter Conference on Applications of Computer Vision (WACV)},
  pages={1536--1546},
  year={2021},
  organization={IEEE}
}

@inproceedings{sambasivan2021everyone,
  title={“Everyone wants to do the model work, not the data work”: Data Cascades in High-Stakes AI},
  author={Sambasivan, Nithya and Kapania, Shivani and Highfill, Hannah and Akrong, Diana and Paritosh, Praveen and Aroyo, Lora M},
  booktitle={proceedings of the 2021 CHI Conference on Human Factors in Computing Systems},
  pages={1--15},
  year={2021}
}

@article{bender2018data,
  title={Data statements for natural language processing: Toward mitigating system bias and enabling better science},
  author={Bender, Emily M and Friedman, Batya},
  journal={Transactions of the Association for Computational Linguistics},
  volume={6},
  pages={587--604},
  year={2018},
  publisher={MIT Press}
}

@article{holland2020dataset,
  title={The dataset nutrition label},
  author={Holland, Sarah and Hosny, Ahmed and Newman, Sarah and Joseph, Joshua and Chmielinski, Kasia},
  journal={Data Protection and Privacy, Volume 12: Data Protection and Democracy},
  volume={12},
  pages={1},
  year={2020},
  publisher={Bloomsbury Publishing}
}

@inproceedings{hutchinson2021towards,
  title={Towards accountability for machine learning datasets: Practices from software engineering and infrastructure},
  author={Hutchinson, Ben and Smart, Andrew and Hanna, Alex and Denton, Emily and Greer, Christina and Kjartansson, Oddur and Barnes, Parker and Mitchell, Margaret},
  booktitle={Proceedings of the 2021 ACM Conference on Fairness, Accountability, and Transparency},
  pages={560--575},
  year={2021}
}

@article{paullada2021data,
  title={Data and its (dis) contents: A survey of dataset development and use in machine learning research},
  author={Paullada, Amandalynne and Raji, Inioluwa Deborah and Bender, Emily M and Denton, Emily and Hanna, Alex},
  journal={Patterns},
  volume={2},
  number={11},
  pages={100336},
  year={2021},
  publisher={Elsevier}
}

@article{scheuerman2021datasets,
  title={Do datasets have politics? Disciplinary values in computer vision dataset development},
  author={Scheuerman, Morgan Klaus and Hanna, Alex and Denton, Emily},
  journal={Proceedings of the ACM on Human-Computer Interaction},
  volume={5},
  number={CSCW2},
  pages={1--37},
  year={2021},
  publisher={ACM New York, NY, USA}
}

@inproceedings{peng2021mitigating,
title={Mitigating dataset harms requires stewardship: Lessons from 1000 papers},
author={Kenneth L Peng and Arunesh Mathur and Arvind Narayanan},
booktitle={Thirty-fifth Conference on Neural Information Processing Systems Datasets and Benchmarks Track (Round 2)},
year={2021},
url={https://openreview.net/forum?id=KGeAHDH4njY}
}

@article{liang2022advances,
  title={Advances, challenges and opportunities in creating data for trustworthy AI},
  author={Liang, Weixin and Tadesse, Girmaw Abebe and Ho, Daniel and Fei-Fei, L and Zaharia, Matei and Zhang, Ce and Zou, James},
  journal={Nature Machine Intelligence},
  volume={4},
  number={8},
  pages={669--677},
  year={2022},
  publisher={Nature Publishing Group UK London}
}

@article{heger2022understanding,
  title={Understanding Machine Learning Practitioners' Data Documentation Perceptions, Needs, Challenges, and Desiderata},
  author={Heger, Amy K and Marquis, Liz B and Vorvoreanu, Mihaela and Wallach, Hanna and Wortman Vaughan, Jennifer},
  journal={Proceedings of the ACM on Human-Computer Interaction},
  volume={6},
  number={CSCW2},
  pages={1--29},
  year={2022},
  publisher={ACM New York, NY, USA}
}

@article{schwartz2022towards,
  title={Towards a Standard for Identifying and Managing Bias in Artificial Intelligence},
  author={Schwartz, Reva and Vassilev, Apostol and Greene, Kristen and Perine, Lori and Burt, Andrew and Hall, Patrick and others},
  year={2022},
  publisher={Special Publication (NIST SP), National Institute of Standards and~…}
}

@article{bellamy2019ai,
  title={AI Fairness 360: An extensible toolkit for detecting and mitigating algorithmic bias},
  author={Bellamy, Rachel KE and Dey, Kuntal and Hind, Michael and Hoffman, Samuel C and Houde, Stephanie and Kannan, Kalapriya and Lohia, Pranay and Martino, Jacquelyn and Mehta, Sameep and Mojsilovi{\'c}, Aleksandra and others},
  journal={IBM Journal of Research and Development},
  volume={63},
  number={4/5},
  pages={4--1},
  year={2019},
  publisher={IBM}
}

@inproceedings{kamikubo2022data,
  title={Data representativeness in accessibility datasets: A meta-analysis},
  author={Kamikubo, Rie and Wang, Lining and Marte, Crystal and Mahmood, Amnah and Kacorri, Hernisa},
  booktitle={Proceedings of the 24th International ACM SIGACCESS Conference on Computers and Accessibility},
  pages={1--15},
  year={2022}
}

@article{wang2021meta,
  title={Meta balanced network for fair face recognition},
  author={Wang, Mei and Zhang, Yaobin and Deng, Weihong},
  journal={IEEE transactions on pattern analysis and machine intelligence},
  volume={44},
  number={11},
  pages={8433--8448},
  year={2021},
  publisher={IEEE}
}

@article{shankar2017no,
  title={No classification without representation: Assessing geodiversity issues in open data sets for the developing world},
  author={Shankar, Shreya and Halpern, Yoni and Breck, Eric and Atwood, James and Wilson, Jimbo and Sculley, D},
  journal={arXiv preprint arXiv:1711.08536},
  year={2017}
}

@article{tommasi2017deeper,
  title={A deeper look at dataset bias},
  author={Tommasi, Tatiana and Patricia, Novi and Caputo, Barbara and Tuytelaars, Tinne},
  journal={Domain adaptation in computer vision applications},
  pages={37--55},
  year={2017},
  publisher={Springer}
}

@inproceedings{yangfei2020towards,
  title={Towards fairer datasets: Filtering and balancing the distribution of the people subtree in the imagenet hierarchy},
  author={Yang, Kaiyu and Qinami, Klint and Fei-Fei, Li and Deng, Jia and Russakovsky, Olga},
  booktitle={Proceedings of the 2020 conference on fairness, accountability, and transparency},
  pages={547--558},
  year={2020}
}

@inproceedings{de2019does,
  title={Does object recognition work for everyone?},
  author={De Vries, Terrance and Misra, Ishan and Wang, Changhan and Van der Maaten, Laurens},
  booktitle={Proceedings of the IEEE/CVF conference on computer vision and pattern recognition workshops},
  pages={52--59},
  year={2019}
}

@inproceedings{singh2022anatomizing,
  title={Anatomizing bias in facial analysis},
  author={Singh, Richa and Majumdar, Puspita and Mittal, Surbhi and Vatsa, Mayank},
  booktitle={Proceedings of the AAAI Conference on Artificial Intelligence},
  volume={36},
  number={11},
  pages={12351--12358},
  year={2022}
}

%%%%%%%%%%%%%%%%%%%%%%%%% privacy %%%%%%%%%%%%%%%%%%%%%%%%%%%%%%%%%%%%%%%%%%%%%%%%%

@inproceedings{orekondy2017towards,
  title={Towards a visual privacy advisor: Understanding and predicting privacy risks in images},
  author={Orekondy, Tribhuvanesh and Schiele, Bernt and Fritz, Mario},
  booktitle={Proceedings of the IEEE international conference on computer vision},
  pages={3686--3695},
  year={2017}
}

@inproceedings{li2018human,
  title={Human perceptions of sensitive content in photos},
  author={Li, Yifang and Troutman, Wyatt and Knijnenburg, Bart P and Caine, Kelly},
  booktitle={Proceedings of the IEEE Conference on Computer Vision and Pattern Recognition Workshops},
  pages={1590--1596},
  year={2018}
}

@inproceedings{gurari2019vizwiz,
  title={Vizwiz-priv: A dataset for recognizing the presence and purpose of private visual information in images taken by blind people},
  author={Gurari, Danna and Li, Qing and Lin, Chi and Zhao, Yinan and Guo, Anhong and Stangl, Abigale and Bigham, Jeffrey P},
  booktitle={Proceedings of the IEEE/CVF Conference on Computer Vision and Pattern Recognition},
  pages={939--948},
  year={2019}
}

@inproceedings{li2020towards,
  title={Towards a taxonomy of content sensitivity and sharing preferences for photos},
  author={Li, Yifang and Vishwamitra, Nishant and Hu, Hongxin and Caine, Kelly},
  booktitle={Proceedings of the 2020 CHI Conference on Human Factors in Computing Systems},
  pages={1--14},
  year={2020}
}

@inproceedings{gervais2016quantifying,
  title={Quantifying location privacy leakage from transaction prices},
  author={Gervais, Arthur and Ritzdorf, Hubert and Lucic, Mario and Lenders, Vincent and Capkun, Srdjan},
  booktitle={Computer Security--ESORICS 2016: 21st European Symposium on Research in Computer Security, Heraklion, Greece, September 26-30, 2016, Proceedings, Part II 21},
  pages={382--405},
  year={2016},
  organization={Springer}
}

@inproceedings{shokri2011quantifying,
  title={Quantifying location privacy},
  author={Shokri, Reza and Theodorakopoulos, George and Le Boudec, Jean-Yves and Hubaux, Jean-Pierre},
  booktitle={2011 IEEE symposium on security and privacy},
  pages={247--262},
  year={2011},
  organization={IEEE}
}

%%%%%%%%%%%%%%%%%%%%%%%%% regulatory compliance %%%%%%%%%%%%%%%%%%%%%%%%%%%%%%%%%%%
@article{forti2021deployment,
  title={The deployment of artificial intelligence tools in the health sector: privacy concerns and regulatory answers within the GDPR},
  author={Forti, Mirko},
  journal={Eur. J. Legal Stud.},
  volume={13},
  pages={29},
  year={2021},
  publisher={HeinOnline}
}

@article{goldsteen2021data,
  title={Data minimization for GDPR compliance in machine learning models},
  author={Goldsteen, Abigail and Ezov, Gilad and Shmelkin, Ron and Moffie, Micha and Farkash, Ariel},
  journal={AI and Ethics},
  pages={1--15},
  year={2021},
  publisher={Springer}
}

@article{hupont2022landscape,
  title={The landscape of facial processing applications in the context of the European AI Act and the development of trustworthy systems},
  author={Hupont, Isabelle and Tolan, Song{\"u}l and Gunes, Hatice and G{\'o}mez, Emilia},
  journal={Scientific Reports},
  volume={12},
  number={1},
  pages={10688},
  year={2022},
  publisher={Nature Publishing Group UK London}
}

@misc{ethicsai,
  author = {\relax High-Level Expert Group on Artificial Intelligence},
  title = "Ethics Guidelines for Trustworthy AI",
  howpublished = {\url{https://www.aepd.es/sites/default/files/2019-12/ai-ethics-guidelines.pdf}}
}

@misc{euaiact,
  author = {\relax European Commission},
  title = "Laying Down Harmonised Rules on Artificial Intelligence (Artificial Intelligence Act) and Amending Certain Union Legislative Acts",
  howpublished = {\url{https://digital-strategy.ec.europa.eu/en/library/proposal-regulation-laying-down-harmonised-rules-artificial-intelligence}}
}

% https://www.lewisrice.com/u-s-state-privacy-laws/#:~:text=As%20of%20May%202022%2C%20five,use%20of%20consumers%27%20personal%20data%2C
@misc{newUSlaws,
 author = {\relax LewisRice},
  title = "U.S. State Privacy Laws",
  howpublished = {\url{https://tinyurl.com/mwmedz27}}
}


%%%%%%%%%%%%%%%%%%%%%%%%%%%%%%%%%%%%%%%%%%%%%%%%%%%%%%%%%%%%%%%%%%%%%%%%%%%%%%%%%%%%

@article{bagdasaryan2019differential,
  title={Differential privacy has disparate impact on model accuracy},
  author={Bagdasaryan, Eugene and Poursaeed, Omid and Shmatikov, Vitaly},
  journal={Advances in neural information processing systems},
  volume={32},
  year={2019}
}

@article{act1996health,
  title={Health insurance portability and accountability act of 1996},
  author={Act, Accountability},
  journal={Public law},
  volume={104},
  pages={191},
  year={1996}
}

@article{nosowsky2006health,
  title={The Health Insurance Portability and Accountability Act of 1996 (HIPAA) privacy rule: implications for clinical research},
  author={Nosowsky, Rachel and Giordano, Thomas J},
  journal={Annu. Rev. Med.},
  volume={57},
  pages={575--590},
  year={2006},
  publisher={Annual Reviews}
}

@misc{unctad,
  author = "UNCTAD",
  title = "Data Protection and Privacy Legislation Worldwide",
  howpublished = {\url{https://unctad.org/page/data-protection-and-privacy-legislation-worldwide}},
  note = {Online; accessed 18 January 2023}
}

@article{greenleaf2022now,
  title={Now 157 Countries: Twelve Data Privacy Laws in 2021/22},
  journal={176 Privacy Laws \& Business International Report 1, 3-8, UNSW Law Research},
  author={Greenleaf, Graham},
  year={2022}
}

@article{greenleaf2021global,
  title={Global Tables of Data Privacy Laws and Bills (January 2021)},
  journal={169 Privacy Laws \& Business International Report, 6-19, UNSW Law Research},
  author={Greenleaf, Graham},
  year={2021}
}

%%%%%%%%%%%%%%%%%%%%%%%%%%%%%%%%%%%%%%%%%%%%%%%%%%%%

@misc{washington,
  author = {\relax House Technology \& Economic Development},
  title = "Substitute House Bill 1493",
  howpublished = {\url{https://lawfilesext.leg.wa.gov/biennium/2017-18/Pdf/Bills/House\%20Bills/1493-S.pdf?q=20230308063651}}
}

@misc{texascubi,
  author = {\relax Business and Commerce Code},
  title = "Texas Capture or Use of Biometric Identifier",
  howpublished = {\url{https://statutes.capitol.texas.gov/Docs/BC/htm/BC.503.htm}}
}

@misc{texas,
  author = "Martinez Fischer",
  title = "Texas Consumer Privacy Act",
  howpublished = {\url{https://capitol.texas.gov/tlodocs/86R/billtext/pdf/HB04518I.pdf}}
}

@misc{bipa,
  author = {\relax Illinois General Assembly},
  title = "Biometric Information Privacy Act",
  howpublished = {\url{https://www.ilga.gov/legislation/ilcs/ilcs3.asp?ActID=3004}}
}

% Brazil
@misc{brazil,
  author = {\relax Presidency of the Republic},
  title = "LAW No. 13,709, OF AUGUST 14, 2018",
  howpublished = {\url{http://www.planalto.gov.br/ccivil_03/_ato2015-2018/2018/lei/L13709.htm}}
}

% India
@misc{indiait,
  author = {\relax Ministry of Law and Justice},
  title = "The Information Technology (Amendment) Act, 2008",
  howpublished = {\url{https://cc.tifrh.res.in/webdata/documents/events/facilities/IT_act_2008.pdf}}
}

@misc{indiapdpb,
  author = {\relax Lok Sabha},
  title = "The Personal Data Protection Bill, 2019",
  howpublished = {\url{http://164.100.47.4/BillsTexts/LSBillTexts/Asintroduced/373_2019_LS_Eng.pdf}}
}

% Israel
@misc{israel,
  author = {\relax Minister of Justice},
  title = "Privacy Protection (Transfer of Data to Databases Abroad) Regulations, 5761-2001",
  howpublished = {\url{https://www.dataguidance.com/notes/israel-data-protection-overview}}
}
% Japan
@misc{japan,
  title = "Act on the Protection of Personal Information Act No. 57 of (2003) (in English, unofficial translation)",
  howpublished = {\url{https://www.cas.go.jp/jp/seisaku/hourei/data/APPI.pdf}}
}

% Lithuania
@misc{lithuania,
  author = {\relax Teises Aktu Registras},
  title = "The Law on Legal Protection of Personal Data of the Republic of Lithuania",
  howpublished = {\url{https://www.e-tar.lt/portal/lt/legalActEditions/TAR.5368B592234C?faces-redirect=true}}
}

% New Zealand
@misc{newzealand,
  author = {\relax New Zealand Legislation},
  title = "Privacy Act 1993",
  howpublished = {\url{https://www.legislation.govt.nz/act/public/1993/0028/latest/DLM296639.html}}
}

% Nigeria
@misc{nigeria,
  author = {\relax National Information Technology Development Agency},
  title = "Nigeria Data Protection Regulation 2019",
  howpublished = {\url{https://olumidebabalolalp.com/wp-content/uploads/2021/01/NDPR-NDPR-NDPR-Nigeria-Data-Protection-Regulation.pdf}}
}

% South Africa
@misc{southafrica,
  author = {\relax Government Gazette},
  title = "Protection of Personal Information Act, 2013",
  howpublished = {\url{https://www.gov.za/sites/default/files/gcis_document/201409/3706726-11act4of2013protectionofpersonalinforcorrect.pdf}}
}

% Switzerland
@misc{switzerland,
  author = {\relax The Federal Council, Fedlex},
  title = "Federal Act on Data Protection",
  howpublished = {\url{https://www.fedlex.admin.ch/eli/cc/1993/1945_1945_1945/en}}
}

% Thailand
@misc{thailand,
  author = {\relax Government Gazette},
  title = "Personal Data Protection Act (Unofficial Translation)",
  howpublished = {\url{https://thainetizen.org/wp-content/uploads/2019/11/thailand-personal-data-protection-act-2019-en.pdf}}
}

% Turkey
@misc{turkey,
  author = {\relax Government Gazette},
  title = "Law on the Protection of Personal Data No. 6698, 2016 (In Turkish)",
  howpublished = {\url{https://www.resmigazete.gov.tr/eskiler/2016/04/20160407-8.pdf}}
}

% United States: California
@misc{usc,
  author = {\relax Attorney General'S Office},
  title = "The California Privacy Rights and Enforcement Act of 2020",
  howpublished = {\url{https://oag.ca.gov/system/files/initiatives/pdfs/19-0017\%20\%28Consumer\%20Privacy\%20\%29.pdf}}
}

@misc{nitiaayog,
  author = {\relax NITI Aayog},
  title = "Responsible AI for All: Adopting the
Framework – A use case approach on Facial Recognition Technology",
  howpublished = {\url{https://www.niti.gov.in/sites/default/files/2022-11/Ai_for_All_2022_02112022_0.pdf}}
}

@article{sweeney2002k,
  title={k-anonymity: A model for protecting privacy},
  author={Sweeney, Latanya},
  journal={International journal of uncertainty, fuzziness and knowledge-based systems},
  volume={10},
  number={05},
  pages={557--570},
  year={2002},
  publisher={World Scientific}
}

@article{samarati1998protecting,
  title={Protecting privacy when disclosing information: k-anonymity and its enforcement through generalization and suppression},
  author={Samarati, Pierangela and Sweeney, Latanya},
  year={1998},
  publisher={technical report, SRI International}
}

@article{machanavajjhala2007diversity,
  title={l-diversity: Privacy beyond k-anonymity},
  author={Machanavajjhala, Ashwin and Kifer, Daniel and Gehrke, Johannes and Venkitasubramaniam, Muthuramakrishnan},
  journal={ACM Transactions on Knowledge Discovery from Data (TKDD)},
  volume={1},
  number={1},
  pages={3--es},
  year={2007},
  publisher={ACM New York, NY, USA}
}

@inproceedings{li2006t,
  title={t-closeness: Privacy beyond k-anonymity and l-diversity},
  author={Li, Ninghui and Li, Tiancheng and Venkatasubramanian, Suresh},
  booktitle={2007 IEEE 23rd international conference on data engineering},
  pages={106--115},
  year={2006},
  organization={IEEE}
}

@inproceedings{dwork2008differential,
  title={Differential privacy: A survey of results},
  author={Dwork, Cynthia},
  booktitle={Theory and Applications of Models of Computation: 5th International Conference, TAMC 2008, Xi’an, China, April 25-29, 2008. Proceedings 5},
  pages={1--19},
  year={2008},
  organization={Springer}
}

@inproceedings{xiao2007m,
  title={M-invariance: towards privacy preserving re-publication of dynamic datasets},
  author={Xiao, Xiaokui and Tao, Yufei},
  booktitle={Proceedings of the 2007 ACM SIGMOD international conference on Management of data},
  pages={689--700},
  year={2007}
}

@article{wagner2018technical,
  title={Technical privacy metrics: a systematic survey},
  author={Wagner, Isabel and Eckhoff, David},
  journal={ACM Computing Surveys (CSUR)},
  volume={51},
  number={3},
  pages={1--38},
  year={2018},
  publisher={ACM New York, NY, USA}
}

@inproceedings{li2019anonymousnet,
  title={Anonymousnet: Natural face de-identification with measurable privacy},
  author={Li, Tao and Lin, Lei},
  booktitle={Proceedings of the IEEE/CVF conference on computer vision and pattern recognition workshops},
  pages={0--0},
  year={2019}
}

@article{zhang2018privacy,
  title={Privacy-preserving machine learning through data obfuscation},
  author={Zhang, Tianwei and He, Zecheng and Lee, Ruby B},
  journal={arXiv preprint arXiv:1807.01860},
  year={2018}
}

@article{chhabra2018anonymizing_old_DO_NOT_USE,
  title={Anonymizing k-facial attributes via adversarial perturbations},
  author={Chhabra, Saheb and Singh, Richa and Vatsa, Mayank and Gupta, Gaurav},
  journal={arXiv preprint arXiv:1805.09380},
  year={2018}
}
%% Tal -> Pseudo labels for regression tasks
@inproceedings{tuan2017regressing,
  title={Regressing robust and discriminative 3D morphable models with a very deep neural network},
  author={Tuan Tran, Anh and Hassner, Tal and Masi, Iacopo and Medioni, G{\'e}rard},
  booktitle=CVPR,
  pages={5163--5172},
  year={2017}
}

@article{chang2019deep,
  title={Deep, landmark-free fame: Face alignment, modeling, and expression estimation},
  author={Chang, Feng-Ju and Tran, Anh Tuan and Hassner, Tal and Masi, Iacopo and Nevatia, Ram and Medioni, G{\'e}rard},
  journal=IJCV,
  volume={127},
  pages={930--956},
  year={2019},
  publisher={Springer}
}

%% Tal -> Pseudo labels for classification
@inproceedings{lee2013pseudo,
  title={Pseudo-label: The simple and efficient semi-supervised learning method for deep neural networks},
  author={Lee, Dong-Hyun and others},
  booktitle=ICMLW,
  volume={3},
  number={2},
  pages={896},
  year={2013}
}

@inproceedings{pham2021meta,
  title={Meta pseudo labels},
  author={Pham, Hieu and Dai, Zihang and Xie, Qizhe and Le, Quoc V},
  booktitle=CVPR,
  pages={11557--11568},
  year={2021}
}

@inproceedings{hu2021simple,
  title={Simple: Similar pseudo label exploitation for semi-supervised classification},
  author={Hu, Zijian and Yang, Zhengyu and Hu, Xuefeng and Nevatia, Ram},
  booktitle=CVPR,
  pages={15099--15108},
  year={2021}
}

@inproceedings{rizve2021defense,
  title={In defense of pseudo-labeling: An uncertainty-aware pseudo-label selection framework for semi-supervised learning},
  author={Rizve, Mamshad Nayeem and Duarte, Kevin and Rawat, Yogesh S and Shah, Mubarak},
  booktitle=ICLR,
  year={2021}
}

@inproceedings{qiu2021synface,
  title={Synface: Face recognition with synthetic data},
  author={Qiu, Haibo and Yu, Baosheng and Gong, Dihong and Li, Zhifeng and Liu, Wei and Tao, Dacheng},
  booktitle={Proceedings of the IEEE/CVF International Conference on Computer Vision},
  pages={10880--10890},
  year={2021}
}

@article{melzi2023gandiffface,
  title={GANDiffFace: Controllable Generation of Synthetic Datasets for Face Recognition with Realistic Variations},
  author={Melzi, Pietro and Rathgeb, Christian and Tolosana, Ruben and Vera-Rodriguez, Ruben and Lawatsch, Dominik and Domin, Florian and Schaubert, Maxim},
  journal={arXiv preprint arXiv:2305.19962},
  year={2023}
}

@inproceedings{kim2023dcface,
  title={DCFace: Synthetic Face Generation with Dual Condition Diffusion Model},
  author={Kim, Minchul and Liu, Feng and Jain, Anil and Liu, Xiaoming},
  booktitle={Proceedings of the IEEE/CVF Conference on Computer Vision and Pattern Recognition},
  pages={12715--12725},
  year={2023}
}