%@misc{eu-269-2014,
%  author={{Council of European Union}},
%  title={Council regulation ({EU}) no 269/2014},
%  year={2014},
%  note={\newline\url{http://eur-lex.europa.eu/legal-content/EN/TXT/?qid=1416170084502&uri=CELEX:32014R0269}},
%}


@incollection{vecchione2021algorithmic,
  title={Algorithmic Auditing and Social Justice: Lessons from the History of Audit Studies},
  author={Vecchione, Briana and Levy, Karen and Barocas, Solon},
  booktitle={Equity and Access in Algorithms, Mechanisms, and Optimization},
  pages={1--9},
  year={2021}
}

@article{jiang2012does,
  title={Does it matter who pays for bond ratings? Historical evidence},
  author={Jiang, John Xuefeng and Stanford, Mary Harris and Xie, Yuan},
  journal={Journal of Financial Economics},
  volume={105},
  number={3},
  pages={607--621},
  year={2012},
  publisher={Elsevier}
}


@article{hubbard2002consumers,
  title={How do consumers motivate experts? Reputational incentives in an auto repair market},
  author={Hubbard, Thomas N},
  journal={The Journal of Law and Economics},
  volume={45},
  number={2},
  pages={437--468},
  year={2002},
  publisher={The University of Chicago Press}
}


@article{falco2021safety,
author = {Falco, Gregory and Shneiderman, Ben and Badger, Julia and Carrier, Ryan and Dahbura, Anton and Danks, David and Eling, Martin and Goodloe, Alwyn and Gupta, Jerry and Hart, Christopher and Jirotka, Marina and Johnson, Henric and LaPointe, Cara and Llorens, Ashley and Mackworth, Alan and Maple, Carsten and Pálsson, Sigurður and Pasquale, Frank and Winfield, Alan and Yeong, Zee},
year = {2021},
month = {07},
pages = {566-571},
title = {Governing AI safety through independent audits},
volume = {3},
journal = {Nature Machine Intelligence},
doi = {10.1038/s42256-021-00370-7}
}

%  bookpagination = {section},
%  entrysubtype = {usa},
%@misc{secstatute,
%  title =    {17 CFR § 201.102},
%  journaltitle = {Code of Federal Regulations},
%  shortjournal = {CFR},
%  subtitle =  {Appearance and practice before the Commission},
%}

@article{sec_leg,
  title={17 CFR § 201.102},
  journal={Code of Federal Regulations: Appearance and practice before the Commission},
  year={1995}
}

@article{bedard2010strengthening,
  title={Strengthening the financial reporting system: can audit committees deliver?},
  author={B{\'e}dard, Jean and Gendron, Yves},
  journal={International journal of auditing},
  volume={14},
  number={2},
  pages={174--210},
  year={2010},
  publisher={Wiley Online Library}
}

@article{efing2015structured,
  title={Structured debt ratings: Evidence on conflicts of interest},
  author={Efing, Matthias and Hau, Harald},
  journal={Journal of Financial Economics},
  volume={116},
  number={1},
  pages={46--60},
  year={2015},
  publisher={Elsevier}
}


@article{hubbard2002consumers,
  title={How do consumers motivate experts? Reputational incentives in an auto repair market},
  author={Hubbard, Thomas N},
  journal={The Journal of Law and Economics},
  volume={45},
  number={2},
  pages={437--468},
  year={2002},
  publisher={The University of Chicago Press}
}

@article{pierce2013role,
  title={The role of organizational scope and governance in strengthening private monitoring},
  author={Pierce, Lamar and Toffel, Michael W},
  journal={Organization Science},
  volume={24},
  number={5},
  pages={1558--1584},
  year={2013},
  publisher={Informs}
}

@article{bennett2013customer,
  title={Customer-driven misconduct: How competition corrupts business practices},
  author={Bennett, Victor Manuel and Pierce, Lamar and Snyder, Jason A and Toffel, Michael W},
  journal={Management Science},
  volume={59},
  number={8},
  pages={1725--1742},
  year={2013},
  publisher={INFORMS}
}

@article{mccoy2002realigning,
  title={Realigning Auditors' Incentives},
  author={McCoy, Patricia A},
  journal={Conn. L. Rev.},
  volume={35},
  pages={989},
  year={2002},
  publisher={HeinOnline}
}

@article{tobin2019hud,
  title={HUD sues Facebook over housing discrimination and says the company’s algorithms have made the problem worse},
  author={Tobin, Ariana},
  journal={ProPublica (March 28, 2019). Available at https://www. propublica. org/article/hud-sues-facebook-housing-discrimination-advertising-algorithms (last accessed April 29, 2019)},
  year={2019}
}

@article{richardson2021defining,
  title={Defining and Demystifying Automated Decision Systems},
  author={Richardson, Rashida},
  journal={Maryland Law Review, Forthcoming},
  year={2021}
}


@article{wu2021medical,
  title={How medical AI devices are evaluated: limitations and recommendations from an analysis of FDA approvals},
  author={Wu, Eric and Wu, Kevin and Daneshjou, Roxana and Ouyang, David and Ho, Daniel E and Zou, James},
  journal={Nature Medicine},
  volume={27},
  number={4},
  pages={582--584},
  year={2021},
  publisher={Nature Publishing Group}
}


@book{power1997audit,
  title={The audit society: Rituals of verification},
  author={Power, Michael},
  year={1997},
  publisher={OUP Oxford}
}

@article{ACLUClearview,
  title={The ACLU Slammed A Facial Recognition Company That Scrapes Photos From Instagram And Facebook},
  author={Haskins, Caroline  and Mac, Ryan and McDonald, Logan},
  journal={Buzzfeed News},
  year={2020}
}

@inproceedings{wilson2021building,
  title={Building and auditing fair algorithms: A case study in candidate screening},
  author={Wilson, Christo and Ghosh, Avijit and Jiang, Shan and Mislove, Alan and Baker, Lewis and Szary, Janelle and Trindel, Kelly and Polli, Frida},
  booktitle={Proceedings of the 2021 ACM Conference on Fairness, Accountability, and Transparency},
  pages={666--677},
  year={2021}
}

@article{stark2021physiognomic,
  title={Physiognomic Artificial Intelligence},
  author={Stark, Luke and Hutson, Jevan},
  journal={Available at SSRN 3927300},
  year={2021}
}

@misc{hirevueAP,
  title={HireVue Leads the Industry with Commitment to Transparent and Ethical Use of AI in Hiring},
  author={Hirevue},
  publisher={Associated Press },
  year={2021}
}

@article{maurer2021hirevue,
  title={HireVue Discontinues Facial Analysis Screening. Decision Reflects Re-Examination of AI Hiring Tools},
  author={Maurer, Roy},
  journal={Society for Human Resource Management (SHRM)},
  year={2021}
}

@article{austin2019greenwish,
  title={Greenwish: the wishful thinking undermining the ambition of sustainable business},
  author={Austin, Duncan},
  journal={Real-World Economics Review},
  volume={90},
  pages={18},
  year={2019}
}

@article{sloane2021silicon,
  title={A Silicon Valley Love Triangle: Hiring Algorithms, Pseudo-Science, and the Quest for Auditability},
  author={Sloane, Mona and Moss, Emanuel and Chowdhury, Rumman},
  journal={arXiv preprint arXiv:2106.12403},
  year={2021}
}

@misc{sloaneaudit,
  title={The Algorithmic Auditing Trap},
  author={Mona Sloane},
  publisher={OneZero},
  year={2021}
}

@misc{puckersustainability,
  title={Overselling Sustainability Reporting},
  author={Kenneth P. Pucker},
  publisher={Harvard Business Review},
  year={2021}
}

@book{grother2019face,
  title={Face recognition vendor test (fvrt): Part 3, demographic effects},
  author={Grother, Patrick and Ngan, Mei and Hanaoka, Kayee},
  year={2019},
  publisher={National Institute of Standards and Technology}
}

@article{kotsantonis2019four,
  title={Four things no one will tell you about ESG data},
  author={Kotsantonis, Sakis and Serafeim, George},
  journal={Journal of Applied Corporate Finance},
  volume={31},
  number={2},
  pages={50--58},
  year={2019},
  publisher={Wiley Online Library}
}

@article{pollman2019corporate,
  title={Corporate Social Responsibility, ESG, and Compliance},
  author={Pollman, Elizabeth},
  journal={Forthcoming, Cambridge Handbook of Compliance (D. Daniel Sokol \& Benjamin van Rooij eds.), Loyola Law School, Los Angeles Legal Studies Research Paper},
  number={2019-35},
  year={2019}
}

@article{boffo2020esg,
  title={Esg investing: Practices, progress and challenges},
  author={Boffo, Riccardo and Patalano, Robert},
  journal={{\'E}ditions OCDE, Paris},
  year={2020}
}

@article{kim2020analyzing,
  title={Analyzing active managers' commitment to esg: Evidence from united nations principles for responsible investment},
  author={Kim, Soohun and Yoon, Aaron},
  journal={Available at SSRN 3555984},
  year={2020}
}

@misc{rossseymour,
  title={The Developing World of Assurance on Sustainability Reporting},
  author={Ross,Samantha and Seymour,Gordon},
  note={npublished manuscript},
  year={2019}
}


@article{haapamaki2019research,
  title={Research on International Standards on Auditing: Literature synthesis and opportunities for future research},
  author={Haapam{\"a}ki, Elina and Sihvonen, Jukka},
  journal={Journal of International Accounting, Auditing and Taxation},
  volume={35},
  pages={37--56},
  year={2019},
  publisher={Elsevier}
}

@article{eccles2012need,
  title={The need for sector-specific materiality and sustainability reporting standards},
  author={Eccles, Robert G and Krzus, Michael P and Rogers, Jean and Serafeim, George},
  journal={Journal of applied corporate finance},
  volume={24},
  number={2},
  pages={65--71},
  year={2012},
  publisher={Wiley Online Library}
}

@article{karapetrovic2001audit,
  title={Audit system: concepts and practices},
  author={Karapetrovic, Stanislav and Willborn, Walter},
  journal={Total Quality Management},
  volume={12},
  number={1},
  pages={13--28},
  year={2001},
  publisher={Taylor \& Francis}
}

@article{ho2012fudging,
  title={Fudging the nudge: Information disclosure and restaurant grading},
  author={Ho, Daniel E},
  journal={Yale LJ},
  volume={122},
  pages={574},
  year={2012},
  publisher={HeinOnline}
}

@article{miyazaki2008online,
  title={Online privacy and the disclosure of cookie use: Effects on consumer trust and anticipated patronage},
  author={Miyazaki, Anthony D},
  journal={Journal of Public Policy \& Marketing},
  volume={27},
  number={1},
  pages={19--33},
  year={2008},
  publisher={SAGE Publications Sage CA: Los Angeles, CA}
}

@inproceedings{matte2020cookie,
  title={Do cookie banners respect my choice?: Measuring legal compliance of banners from iab europe’s transparency and consent framework},
  author={Matte, C{\'e}lestin and Bielova, Nataliia and Santos, Cristiana},
  booktitle={2020 IEEE Symposium on Security and Privacy (SP)},
  pages={791--809},
  year={2020},
  organization={IEEE}
}

@inproceedings{nouwens2020dark,
  title={Dark patterns after the GDPR: Scraping consent pop-ups and demonstrating their influence},
  author={Nouwens, Midas and Liccardi, Ilaria and Veale, Michael and Karger, David and Kagal, Lalana},
  booktitle={Proceedings of the 2020 CHI Conference on Human Factors in Computing Systems},
  pages={1--13},
  year={2020}
}

@inproceedings{soe2020circumvention,
  title={Circumvention by design-dark patterns in cookie consent for online news outlets},
  author={Soe, Than Htut and Nordberg, Oda Elise and Guribye, Frode and Slavkovik, Marija},
  booktitle={Proceedings of the 11th nordic conference on human-computer interaction: Shaping experiences, shaping society},
  pages={1--12},
  year={2020}
}

@article{trevisan20194,
  title={4 Years of EU Cookie Law: Results and Lessons Learned.},
  author={Trevisan, Martino and Traverso, Stefano and Bassi, Eleonora and Mellia, Marco},
  journal={Proc. Priv. Enhancing Technol.},
  volume={2019},
  number={2},
  pages={126--145},
  year={2019}
}

@inproceedings{sanchez2019can,
  title={Can i opt out yet? gdpr and the global illusion of cookie control},
  author={Sanchez-Rola, Iskander and Dell'Amico, Matteo and Kotzias, Platon and Balzarotti, Davide and Bilge, Leyla and Vervier, Pierre-Antoine and Santos, Igor},
  booktitle={Proceedings of the 2019 ACM Asia conference on computer and communications security},
  pages={340--351},
  year={2019}
}

@article{geier2004review,
  title={A review of the vaccine adverse event reporting system database},
  author={Geier, David A and Geier, Mark R},
  journal={Expert Opinion on Pharmacotherapy},
  volume={5},
  number={3},
  pages={691--698},
  year={2004},
  publisher={Taylor \& Francis}
}

@article{adhikari2021small,
  title={Small business tax compliance under third-party reporting},
  author={Adhikari, Bibek and Alm, James and Harris, Timothy F},
  journal={Journal of Public Economics},
  volume={203},
  pages={104514},
  year={2021},
  publisher={Elsevier}
}

@article{johnson2019federal,
  title={Federal Tax Compliance Research: Tax Gap Estimates for Tax Years 2011-2013},
  author={Johnson, Barry W and Rose, Peter J},
  journal={Washington, DC: IRS},
  year={2019}
}

@article{romano2004sarbanes,
  title={The Sarbanes-Oxley Act and the making of quack corporate governance},
  author={Romano, Roberta},
  journal={Yale LJ},
  volume={114},
  pages={1521},
  year={2004},
  publisher={HeinOnline}
}

@article{coates2007goals,
  title={The goals and promise of the Sarbanes-Oxley Act},
  author={Coates, IV and John, C},
  journal={Journal of economic perspectives},
  volume={21},
  number={1},
  pages={91--116},
  year={2007}
}

@article{o2021esg,
  title={An ESG Reckoning Is Coming},
  author={O’Leary, Michael and Valdmanis, Warren},
  journal={Harvard Business Review},
  year={2021}
}


@article{djekic2016improving,
  title={Improving the confectionery industry supply chain through second party audits},
  author={Djekic, Ilija and Dragojlovic, Sladjana and Miloradovic, Zoran and Miljkovic-Zivanovic, Snezana and Savic, Marija and Kekic, Vesna},
  journal={British Food Journal},
  year={2016},
  publisher={Emerald Group Publishing Limited}
}

@article{ebell2021towards,
  title={Towards intellectual freedom in an AI Ethics Global Community},
  author={Ebell, Christoph and Baeza-Yates, Ricardo and Benjamins, Richard and Cai, Hengjin and Coeckelbergh, Mark and Duarte, Tania and Hickok, Merve and Jacquet, Aurelie and Kim, Angela and Krijger, Joris and others},
  journal={AI and Ethics},
  volume={1},
  number={2},
  pages={131--138},
  year={2021},
  publisher={Springer}
}

@article{clark2019regulatory,
  title={Regulatory markets for AI safety},
  author={Clark, Jack and Hadfield, Gillian K},
  journal={arXiv preprint arXiv:2001.00078},
  year={2019}
}

@article{katell2019algorithmic,
  title={An Algorithmic Equity Toolkit for Technology Audits by Community Advocates and Activists},
  author={Katell, Michael and Young, Meg and Herman, Bernease and Dailey, Dharma and Tam, Aaron and Guetler, Vivian and Binz, Corinne and Raz, Daniella and Krafft, PM},
  journal={arXiv preprint arXiv:1912.02943},
  year={2019}
}

@inproceedings{katell2020toward,
  title={Toward situated interventions for algorithmic equity: lessons from the field},
  author={Katell, Michael and Young, Meg and Dailey, Dharma and Herman, Bernease and Guetler, Vivian and Tam, Aaron and Bintz, Corinne and Raz, Daniella and Krafft, PM},
  booktitle={Proceedings of the 2020 conference on fairness, accountability, and transparency},
  pages={45--55},
  year={2020}
}


@article{chen2018comparative,
  title={A comparative study of medical device regulations: US, Europe, Canada, and Taiwan},
  author={Chen, Yi-Jung and Chiou, Chi-Ming and Huang, Yu-Wen and Tu, Pei-Weng and Lee, Yung-Chuan and Chien, Chia-Hung},
  journal={Therapeutic innovation \& regulatory science},
  volume={52},
  number={1},
  pages={62--69},
  year={2018},
  publisher={SAGE Publications Sage CA: Los Angeles, CA}
}

@inproceedings{trielli2017algorithm,
  title={Algorithm tips: A resource for algorithmic accountability in Government},
  author={Trielli, Daniel and Stark, Jennifer and Diakopoulos, Nicholas},
  booktitle={Proc. Computation+ Journalism Symposium},
  year={2017}
}

@article{richardson2019confronting,
  title={Confronting black boxes: A shadow report of the New York City automated decision system task force},
  author={Richardson, Rashida and Cahn, A and Kak, A and Diaz, A and Samant, A and others},
  journal={AI Now Institute},
  year={2019}
}

@article{crawford2019ai,
  title={AI systems as state actors},
  author={Crawford, Kate and Schultz, Jason},
  journal={Columbia Law Review},
  volume={119},
  number={7},
  pages={1941--1972},
  year={2019},
  publisher={JSTOR}
}

@article{engstrom2020algorithmic,
  title={Algorithmic accountability in the administrative state},
  author={Engstrom, David Freeman and Ho, Daniel E},
  journal={Yale J. on Reg.},
  volume={37},
  pages={800},
  year={2020},
  publisher={HeinOnline}
}

@misc{engler2021independent,
  title={Independent auditors are struggling to hold AI companies accountable. FastCompany},
  author={Engler, Alex C},
  year={2021}
}

@article{hill2020wrongfully,
  title={Wrongfully accused by an algorithm},
  author={Hill, Kashmir},
  journal={The New York Times},
  volume={24},
  year={2020}
}

@misc{felton2016,
  title={Inside Michigan's faulty unemployment system that hit thousands with fraud},
  author={Felton, Ryan},
  year={2016},
  publisher={The Guardian}
}


@misc{hao2021facebook,
  title={How Facebook got addicted to spreading misinformation},
  author={Hao, Karen},
  year={2021},
  publisher={MIT Technology Review}
}

@article{kumar2021designing,
  title={Designing Toxic Content Classification for a Diversity of Perspectives},
  author={Kumar, Deepak and Kelley, Patrick Gage and Consolvo, Sunny and Mason, Joshua and Bursztein, Elie and Durumeric, Zakir and Thomas, Kurt and Bailey, Michael},
  journal={arXiv preprint arXiv:2106.04511},
  year={2021}
}

@article{diaz2021double,
  title={Double Standards in Social Media Content Moderation},
  author={D{\'\i}az, {\'A}ngel and Hecht, Laura},
  year={2021}
}

@article{fedus2021switch,
  title={Switch transformers: Scaling to trillion parameter models with simple and efficient sparsity},
  author={Fedus, William and Zoph, Barret and Shazeer, Noam},
  journal={arXiv preprint arXiv:2101.03961},
  year={2021}
}

@inproceedings{kaminski2020multi,
  title={Multi-layered explanations from algorithmic impact assessments in the GDPR},
  author={Kaminski, Margot E and Malgieri, Gianclaudio},
  booktitle={Proceedings of the 2020 Conference on Fairness, Accountability, and Transparency},
  pages={68--79},
  year={2020}
}

@article{reisman2018algorithmic,
  title={Algorithmic impact assessments: A practical framework for public agency accountability},
  author={Reisman, Dillon and Schultz, Jason and Crawford, Kate and Whittaker, Meredith},
  journal={AI Now Institute},
  pages={1--22},
  year={2018}
}

@inproceedings{metcalf2021algorithmic,
  title={Algorithmic impact assessments and accountability: The co-construction of impacts},
  author={Metcalf, Jacob and Moss, Emanuel and Watkins, Elizabeth Anne and Singh, Ranjit and Elish, Madeleine Clare},
  booktitle={Proceedings of the 2021 ACM Conference on Fairness, Accountability, and Transparency},
  pages={735--746},
  year={2021}
}

@article{voigt2017eu,
  title={The eu general data protection regulation (gdpr)},
  author={Voigt, Paul and Von dem Bussche, Axel},
  journal={A Practical Guide, 1st Ed., Cham: Springer International Publishing},
  volume={10},
  pages={3152676},
  year={2017},
  publisher={Springer}
} 

@article{maccarthy2019examination,
  title={An Examination of the Algorithmic Accountability Act of 2019},
  author={MacCarthy, Mark},
  journal={Available at SSRN 3615731},
  year={2019}
}

@article{selbst2021institutional,
  title={An Institutional View Of Algorithmic Impact Assessments},
  author={Selbst, Andrew D},
  year={2021}
}


@book{power1997audit,
  title={The audit society: Rituals of verification},
  author={Power, Michael},
  year={1997},
  publisher={OUP Oxford}
}

@article{moss2021assembling,
  title={Assembling Accountability: Algorithmic Impact Assessment for the Public Interest},
  author={Moss, Emanuel and Watkins, Elizabeth Anne and Singh, Ranjit and Elish, Madeleine Clare and Metcalf, Jacob},
  journal={Available at SSRN 3877437},
  year={2021}
}


@inproceedings{buolamwini2018gender,
  title={Gender shades: Intersectional accuracy disparities in commercial gender classification},
  author={Buolamwini, Joy and Gebru, Timnit},
  booktitle={Conference on fairness, accountability and transparency},
  pages={77--91},
  year={2018},
  organization={PMLR}
}

@inproceedings{raji2019actionable,
  title={Actionable auditing: Investigating the impact of publicly naming biased performance results of commercial ai products},
  author={Raji, Inioluwa Deborah and Buolamwini, Joy},
  booktitle={Proceedings of the 2019 AAAI/ACM Conference on AI, Ethics, and Society},
  pages={429--435},
  year={2019}
}

@inproceedings{raji2020closing,
  title={Closing the AI accountability gap: Defining an end-to-end framework for internal algorithmic auditing},
  author={Raji, Inioluwa Deborah and Smart, Andrew and White, Rebecca N and Mitchell, Margaret and Gebru, Timnit and Hutchinson, Ben and Smith-Loud, Jamila and Theron, Daniel and Barnes, Parker},
  booktitle={Proceedings of the 2020 conference on fairness, accountability, and transparency},
  pages={33--44},
  year={2020}
}

@inproceedings{raji2020saving,
  title={Saving face: Investigating the ethical concerns of facial recognition auditing},
  author={Raji, Inioluwa Deborah and Gebru, Timnit and Mitchell, Margaret and Buolamwini, Joy and Lee, Joonseok and Denton, Emily},
  booktitle={Proceedings of the AAAI/ACM Conference on AI, Ethics, and Society},
  pages={145--151},
  year={2020}
}

@article{xiang2019legal,
  title={On the legal compatibility of fairness definitions},
  author={Xiang, Alice and Raji, Inioluwa Deborah},
  journal={arXiv preprint arXiv:1912.00761},
  year={2019}
}

@article{xiang2021reconciling,
  title={Reconciling legal and technical approaches to algorithmic bias},
  author={Xiang, Alice},
  journal={Tennessee Law Review},
  volume={88},
  number={3},
  year={2021}
}

%--------------------------
@article{tepalagul2015auditor,
  title={Auditor independence and audit quality: A literature review},
  author={Tepalagul, Nopmanee and Lin, Ling},
  journal={Journal of Accounting, Auditing \& Finance},
  volume={30},
  number={1},
  pages={101--121},
  year={2015},
  publisher={SAGE Publications Sage CA: Los Angeles, CA}
}

@article{strahilevitz2006s,
  title={How's My Driving-For Everyone (and Everything)},
  author={Strahilevitz, Lior Jacob},
  journal={NYUL Rev.},
  volume={81},
  pages={1699},
  year={2006},
  publisher={HeinOnline}
}

@article{sakaeda2013data,
  title={Data mining of the public version of the FDA Adverse Event Reporting System},
  author={Sakaeda, Toshiyuki and Tamon, Akiko and Kadoyama, Kaori and Okuno, Yasushi},
  journal={International journal of medical sciences},
  volume={10},
  number={7},
  pages={796},
  year={2013},
  publisher={Ivyspring International Publisher}
}

@article{nielsen2008extent,
  title={To what extent do third parties influence business compliance?},
  author={Nielsen, Vibeke Lehmann and Parker, Christine},
  journal={Journal of Law and Society},
  volume={35},
  number={3},
  pages={309--340},
  year={2008},
  publisher={Wiley Online Library}
}

@inproceedings{mcallister2012third,
  title={Third-party programs to assess regulatory compliance},
  author={McAllister, Lesley K},
  booktitle={Administrative Conference of the United States},
  year={2012}
}


@article{kallus2021assessing,
  title={Assessing algorithmic fairness with unobserved protected class using data combination},
  author={Kallus, Nathan and Mao, Xiaojie and Zhou, Angela},
  journal={Management Science},
  year={2021},
  publisher={INFORMS}
}

@article{kearns2020ethical,
  title={Ethical algorithm design should guide technology regulation},
  author={Kearns, Michael and Roth, Aaron},
  journal={Retrieved from Brookings: https://www. brookings. edu/research/ethical-algorithm-designshould-guide-technology-regulation},
  year={2020}
}

@article{kleven2011unwilling,
  title={Unwilling or unable to cheat? Evidence from a tax audit experiment in Denmark},
  author={Kleven, Henrik Jacobsen and Knudsen, Martin B and Kreiner, Claus Thustrup and Pedersen, S{\o}ren and Saez, Emmanuel},
  journal={Econometrica},
  volume={79},
  number={3},
  pages={651--692},
  year={2011},
  publisher={Wiley Online Library}
}

@article{littwin2014process,
  title={Why process complaints: Then and now},
  author={Littwin, Angela},
  journal={Temp. L. Rev.},
  volume={87},
  pages={895},
  year={2014},
  publisher={HeinOnline}
}

@article{kontokosta2021bias,
  title={Bias in smart city governance: How socio-spatial disparities in 311 complaint behavior impact the fairness of data-driven decisions},
  author={Kontokosta, Constantine E and Hong, Boyeong},
  journal={Sustainable Cities and Society},
  volume={64},
  pages={102503},
  year={2021},
  publisher={Elsevier}
}

@article{rosen2021racial,
  title={Racial Discrimination in Housing: How Landlords Use Algorithms and Home Visits to Screen Tenants},
  author={Rosen, Eva and Garboden, Philip ME and Cossyleon, Jennifer E},
  journal={American Sociological Review},
  pages={00031224211029618},
  year={2021},
  publisher={SAGE Publications Sage CA: Los Angeles, CA}
}

@inproceedings{raghavan2020mitigating,
  title={Mitigating bias in algorithmic hiring: Evaluating claims and practices},
  author={Raghavan, Manish and Barocas, Solon and Kleinberg, Jon and Levy, Karen},
  booktitle={Proceedings of the 2020 conference on fairness, accountability, and transparency},
  pages={469--481},
  year={2020}
}

@article{porter2012complaint,
  title={The Complaint Conundrum: Thoughts on the CFPB's Complaint Mechanism},
  author={Porter, Katherine},
  journal={Brook. J. Corp. Fin. \& Com. L.},
  volume={7},
  pages={57},
  year={2012},
  publisher={HeinOnline}
}

@article{stevenson2006nursing,
  title={Nursing home consumer complaints and quality of care: A national view},
  author={Stevenson, David G},
  journal={Medical Care Research and Review},
  volume={63},
  number={3},
  pages={347--368},
  year={2006},
  publisher={Sage Publications Sage CA: Thousand Oaks, CA}
}

@article{sweeney2013discrimination,
  title={Discrimination in online ad delivery},
  author={Sweeney, Latanya},
  journal={Communications of the ACM},
  volume={56},
  number={5},
  pages={44--54},
  year={2013},
  publisher={ACM New York, NY, USA}
}

@article{tatonetti2012novel,
  title={A novel signal detection algorithm for identifying hidden drug-drug interactions in adverse event reports},
  author={Tatonetti, Nicholas P and Fernald, Guy Haskin and Altman, Russ B},
  journal={Journal of the American Medical Informatics Association},
  volume={19},
  number={1},
  pages={79--85},
  year={2012},
  publisher={BMJ Group}
}

@article{wu2021medical,
  title={How medical AI devices are evaluated: limitations and recommendations from an analysis of FDA approvals},
  author={Wu, Eric and Wu, Kevin and Daneshjou, Roxana and Ouyang, David and Ho, Daniel E and Zou, James},
  journal={Nature Medicine},
  volume={27},
  number={4},
  pages={582--584},
  year={2021},
  publisher={Nature Publishing Group}
}

@article{engstrom2020government,
  title={Government by algorithm: Artificial intelligence in federal administrative agencies},
  author={Engstrom, David Freeman and Ho, Daniel E and Sharkey, Catherine M and Cu{\'e}llar, Mariano-Florentino},
  journal={NYU School of Law, Public Law Research Paper},
  number={20-54},
  year={2020}
}

@article{friede2015esg,
  title={ESG and financial performance: aggregated evidence from more than 2000 empirical studies},
  author={Friede, Gunnar and Busch, Timo and Bassen, Alexander},
  journal={Journal of Sustainable Finance \& Investment},
  volume={5},
  number={4},
  pages={210--233},
  year={2015},
  publisher={Taylor \& Francis}
}

@book{grother2019face,
  title={Face Recognition Vendor Test (FVRT): Part 3, Demographic Effects},
  author={Grother, Patrick and Ngan, Mei and Hanaoka, Kayee},
  year={2019},
  publisher={National Institute of Standards and Technology}
}

@article{healy2003fall,
  title={The fall of Enron},
  author={Healy, Paul M and Palepu, Krishna G},
  journal={Journal of economic perspectives},
  volume={17},
  number={2},
  pages={3--26},
  year={2003}
}

@article{hemenway1990you,
  title={“You Better Shop Around”: The Market for Motor Vehicle Inspection},
  author={Hemenway, David and Solnick, Sara J},
  journal={Law \& Policy},
  volume={12},
  number={4},
  pages={317--329},
  year={1990},
  publisher={Wiley Online Library}
}


@article{nader1965unsafe,
  title={Unsafe at any speed. The designed-in dangers of the American automobile},
  author={Nader, Ralph},
  year={1965}
}

@article{henning2004syndromic,
  title={What is syndromic surveillance?},
  author={Henning, Kelly J},
  journal={Morbidity and mortality weekly report},
  pages={7--11},
  year={2004},
  publisher={JSTOR}
}

@article{ho2020affirmative,
  title={Affirmative Algorithms: The Legal Grounds for Fairness as Awareness},
  author={Ho, Daniel E and Xiang, Alice},
  journal={U. Chi. L. Rev. Online},
  pages={134},
  year={2020},
  publisher={HeinOnline}
}

@article{eckhouse2019layers,
  title={Layers of bias: A unified approach for understanding problems with risk assessment},
  author={Eckhouse, Laurel and Lum, Kristian and Conti-Cook, Cynthia and Ciccolini, Julie},
  journal={Criminal Justice and Behavior},
  volume={46},
  number={2},
  pages={185--209},
  year={2019},
  publisher={SAGE Publications Sage CA: Los Angeles, CA}
}

@article{altenburger2019algorithms,
  title={When algorithms import private bias into public enforcement: the promise and limitations of statistical debiasing solutions},
  author={Altenburger, Kristen M and Ho, Daniel E},
  journal={Journal of Institutional and Theoretical Economics},
  volume={175},
  number={1},
  pages={98--122},
  year={2019},
  publisher={Mohr Siebeck}
}

@inproceedings{andrus2021we,
  title={What We Can't Measure, We Can't Understand: Challenges to Demographic Data Procurement in the Pursuit of Fairness},
  author={Andrus, McKane and Spitzer, Elena and Brown, Jeffrey and Xiang, Alice},
  booktitle={Proceedings of the 2021 ACM Conference on Fairness, Accountability, and Transparency},
  pages={249--260},
  year={2021}
}

@article{ayres2013skeletons,
  title={Skeletons in the database: An early analysis of the CFPB's consumer complaints},
  author={Ayres, Ian and Lingwall, Jeff and Steinway, Sonia},
  journal={Fordham J. Corp. \& Fin. L.},
  volume={19},
  pages={343},
  year={2013},
  publisher={HeinOnline}
}

@inproceedings{chouldechova2018case,
  title={A case study of algorithm-assisted decision making in child maltreatment hotline screening decisions},
  author={Chouldechova, Alexandra and Benavides-Prado, Diana and Fialko, Oleksandr and Vaithianathan, Rhema},
  booktitle={Conference on Fairness, Accountability and Transparency},
  pages={134--148},
  year={2018},
  organization={PMLR}
}

@inproceedings{coston2021leveraging,
  title={Leveraging Administrative Data for Bias Audits: Assessing Disparate Coverage with Mobility Data for COVID-19 Policy},
  author={Coston, Amanda and Guha, Neel and Ouyang, Derek and Lu, Lisa and Chouldechova, Alexandra and Ho, Daniel E},
  booktitle={Proceedings of the 2021 ACM Conference on Fairness, Accountability, and Transparency},
  pages={173--184},
  year={2021}
}

@article{del2020does,
  title={Does Audit Improve the Quality of ESG Scores? Evidence from Corporate Misconduct},
  author={Del Giudice, Alfonso and Rigamonti, Silvia},
  journal={Sustainability},
  volume={12},
  number={14},
  pages={5670},
  year={2020},
  publisher={Multidisciplinary Digital Publishing Institute}
}

@article{duflo2013truth,
  title={Truth-telling by third-party auditors and the response of polluting firms: Experimental evidence from India},
  author={Duflo, Esther and Greenstone, Michael and Pande, Rohini and Ryan, Nicholas},
  journal={The Quarterly Journal of Economics},
  volume={128},
  number={4},
  pages={1499--1545},
  year={2013},
  publisher={MIT Press}
}


%-----------------

%https://www.theverge.com/2021/9/29/22696268/google-search-on-updates-ai-mum-explained
%https://venturebeat.com/2021/01/12/google-trained-a-trillion-parameter-ai-language-model/


@misc{twitter1,
  author = {Chowdhury, Rumman and Williams,Jutta},
  title = {Introducing Twitter’s first algorithmic bias bounty challenge},
  year = {2021},
  note = {Last accessed 2 November 2021},
  publisher = {Twitter},
  url = {https://blog.twitter.com/engineering/en_us/topics/insights/2021/algorithmic-bias-bounty-challenge}
}

%https://blog.twitter.com/engineering/en_us/topics/insights/2021/algorithmic-bias-bounty-challenge
@misc{googl1,
  author = {Vincent, James},
  title = {Google is using AI to help users explore the topics they’re searching for — here’s how},
  year = {2021},
  note = {Last accessed 2 November 2021},
  publisher = {The Verge},
  url = {https://www.theverge.com/2021/9/29/22696268/google-search-on-updates-ai-mum-explained}
}
@misc{googl2,
  author = {Wiggers, Kyle},
  title = {Google trained a trillion-parameter AI language model},
  year = {2021},
  note = {Last accessed 2 November 2021},
  publisher = {Venture Beat},
  url = {https://venturebeat.com/2021/01/12/google-trained-a-trillion-parameter-ai-language-model/}
}


@article{mcgrory2020targeted,
  title={Targeted},
  author={McGRORY, KATHLEEN and Bedi, NEIL},
  journal={The Tampa Bay Times},
  volume={3},
  year={2020}
}

@misc{snow2018,
  author = {Jacob Snow},
  title = {Amazon’s Face Recognition Falsely Matched 28 Members of Congress With Mugshots},
  year = {2018},
  publisher = {ACLU},
  note = {Last accessed 25 October 2021},
  url = {https://www.aclu.org/blog/privacy-technology/surveillance-technologies/amazons-face-recognition-falsely-matched-28}
}

@misc{FOX1,
  author = {Foxglove},
  title = {We put a stop to the A Level grading algorithm!},
  year = {2020},
  note = {Last accessed 25 October 2021},
  url = {https://www.foxglove.org.uk/2020/08/17/we-put-a-stop-to-the-a-level-grading-algorithm/}
}

@misc{FOX2,
  author = {Foxglove},
  title = {Home Office says it will abandon its racist visa algorithm – after we sued them},
  year = {2020},
  note = {Last accessed 25 October 2021},
  url = {https://www.foxglove.org.uk/2020/08/04/home-office-says-it-will-abandon-its-racist-visa-algorithm-after-we-sued-them/}
}

@article{obermeyer2019dissecting,
  title={Dissecting racial bias in an algorithm used to manage the health of populations},
  author={Obermeyer, Ziad and Powers, Brian and Vogeli, Christine and Mullainathan, Sendhil},
  journal={Science},
  volume={366},
  number={6464},
  pages={447--453},
  year={2019},
  publisher={American Association for the Advancement of Science}
} 
%We put a stop to the A Level grading algorithm!
%17.08.2020
%https://www.foxglove.org.uk/2020/08/17/we-put-a-stop-to-the-a-level-grading-algorithm/


%Home Office says it will abandon its racist visa algorithm – after we sued them
%04.08.2020
%https://www.foxglove.org.uk/2020/08/04/home-office-says-it-will-abandon-its-racist-visa-algorithm-after-we-sued-them/

%Persily, Nathaniel. 2021. “Facebook Hides Data Showing It Harms Users. Outside Scholars Need Access.” Washington Post, October 5, 2021.


@article{hao2020wetimnit1,
  title={We read the paper that forced Timnit Gebru out of Google. Here’s what it says},
  author={Hao, Karen},
  journal={Retrieved January},
  volume={21},
  pages={2021},
  year={2020}
}

@article{ebell2021towardstimnit2,
  title={Towards intellectual freedom in an AI Ethics Global Community},
  author={Ebell, Christoph and Baeza-Yates, Ricardo and Benjamins, Richard and Cai, Hengjin and Coeckelbergh, Mark and Duarte, Tania and Hickok, Merve and Jacquet, Aurelie and Kim, Angela and Krijger, Joris and others},
  journal={AI and Ethics},
  volume={1},
  number={2},
  pages={131--138},
  year={2021},
  publisher={Springer}
}


@article{mittelstadt2019principles,
  
  
  title={Principles alone cannot guarantee ethical AI},
  author={Mittelstadt, Brent},
  journal={Nature Machine Intelligence},
  volume={1},
  number={11},
  pages={501--507},
  year={2019},
  publisher={Nature Publishing Group}
}

@techreport{lovelace2020examining,
  title={Examining the black box: Tools for assessing algorithmic systems},
  author={Lovelace, Ada and DataKind, UK},
  year={2020},
  institution={Technical report, AdaLovelace Institute, https://ico. org. uk/media/about~…}
}

@article{kazim2021aiico,
  title={AI auditing and impact assessment: according to the UK information commissioner’s office},
  author={Kazim, Emre and Denny, Danielle Mendes Thame and Koshiyama, Adriano},
  journal={AI and Ethics},
  pages={1--10},
  year={2021},
  publisher={Springer}
}

@inproceedings{raji2020closing,
  title={Closing the AI accountability gap: Defining an end-to-end framework for internal algorithmic auditing},
  author={Raji, Inioluwa Deborah and Smart, Andrew and White, Rebecca N and Mitchell, Margaret and Gebru, Timnit and Hutchinson, Ben and Smith-Loud, Jamila and Theron, Daniel and Barnes, Parker},
  booktitle={Proceedings of the 2020 conference on fairness, accountability, and transparency},
  pages={33--44},
  year={2020}
}


@inproceedings{veale2018fairness,
  title={Fairness and accountability design needs for algorithmic support in high-stakes public sector decision-making},
  author={Veale, Michael and Van Kleek, Max and Binns, Reuben},
  booktitle={Proceedings of the 2018 chi conference on human factors in computing systems},
  pages={1--14},
  year={2018}
}

@book{cochran2015iso,
  title={ISO 9001: 2015 in plain English},
  author={Cochran, Craig},
  year={2015},
  publisher={Paton Professional}
}

@article{fbpersily2018,
  author = {Nathaniel Persily},
  title = {Facebook Hides Data Showing It Harms Users. Outside Scholars Need Access.},
  year = {2021},
  publisher = {Washington Post},
  note = {Last accessed 25 October 2021}
}

@article{merrill2020does,
  title={Does facebook still sell discriminatory ads},
  author={Merrill, JB},
  journal={The Markup},
  year={2020}
}

@article{kingsley2020auditing,
  title={Auditing digital platforms for discrimination in economic opportunity advertising},
  author={Kingsley, Sara and Wang, Clara and Mikhalenko, Alex and Sinha, Proteeti and Kulkarni, Chinmay},
  journal={arXiv preprint arXiv:2008.09656},
  year={2020}
}

@article{ali2019discrimination,
  title={Discrimination through optimization: How Facebook's Ad delivery can lead to biased outcomes},
  author={Ali, Muhammad and Sapiezynski, Piotr and Bogen, Miranda and Korolova, Aleksandra and Mislove, Alan and Rieke, Aaron},
  journal={Proceedings of the ACM on Human-Computer Interaction},
  volume={3},
  number={CSCW},
  pages={1--30},
  year={2019},
  publisher={ACM New York, NY, USA}
}

@article{kaufman,
  author = {Ava Kofman and Tobin, Ariana},
  title = {Facebook Ads Can Still Discriminate Against Women and Older Workers, Despite a Civil Rights Settlement},
  year = {2021},
  publisher = {ProPublica},
}


@article{feiner,
  author = {Lauren Feiner and Palmer, Annie},
  title = {Rules around facial recognition and policing remain blurry},
  year = {2021},
  publisher = {CNBC},
}

@article{oremus,
  author = {Will Oremus},
  title = {Facebook keeps researching its own harms — and burying the findings},
  year = {2021},
  publisher = {Washington Post},
}

@article{lapowsky,
  author = {Issie Lapowsky},
  title = {Why Facebook’s data-sharing project ballooned into a 2-year debacle},
  year = {2021},
  publisher = {Protocol},
}

@article{kofman2019facebook,
  title={Facebook Ads Can Still Discriminate Against Women and Older Workers, Despite a Civil Rights Settlement},
  author={Kofman, Ava and Tobin, Ariana},
  journal={ProPublica. Retrieved December},
  volume={12},
  pages={2020},
  year={2019}
}

@article{markup1kirchner2020access,
  title={Access Denied: Faulty Automated Background Checks Freeze Out Renters},
  author={Kirchner, Lauren and Goldstein, Matthew},
  year={2020},
  publisher={The Markup}
}

@article{angwin2016machine,
  title={Machine bias},
  author={Angwin, Julia and Larson, Jeff and Mattu, Surya and Kirchner, Lauren},
  journal={ProPublica, May},
  volume={23},
  number={2016},
  pages={139--159},
  year={2016}
}


%Suckers List: How Allstate’s Secret Auto Insurance Algorithm Squeezes Big Spenders
%By Maddy Varner and Aaron Sankin

@article{markup2suckers,
  title={Suckers List: How Allstate’s Secret Auto Insurance Algorithm Squeezes Big Spenders},
  author={Varner, Maddy and Sankin, Aaron},
  journal={The Markup},
  year={2020}
}

 @article{heilweil2020big,
  title={Big tech companies back away from selling facial recognition to police. That’s progress},
  author={Heilweil, Rebecca},
  journal={Recode. Available at: https://www. vox. com/recode/2020/6/10/21287194/amazon-microsoft-ibm-facial-recognition-moratorium-police (accessed 18 June 2020)},
  year={2020}
}

@misc{fban,
  title={Banning Government Use of Face Recognition Technology: 2020 Year in Review},
  author={Sheard, Nathan},
  year={2021},
  publisher={EFF}
}

@misc{markupimpact,
  title={Impact},
  year={2021},
  publisher={The Markup},
  note = {Last accessed 25 October 2021},
  url = {https://themarkup.org/series/impact}
}

@misc{sherwinfacebook,
  title={Facebook settles civil rights cases by making sweeping changes to its online ad platform},
  year={2019},
  author={Sherwin, G and Bhandari, E},
  publisher={ACLU}
}

@article{spinks2019contemporary,
  title={Contemporary housing discrimination: Facebook, targeted advertising, and the Fair Housing Act},
  author={Spinks, Chandler Nicholle},
  journal={Hous. L. Rev.},
  volume={57},
  pages={925},
  year={2019},
  publisher={HeinOnline}
}

@inproceedings{wilson2021building,
  title={Building and auditing fair algorithms: A case study in candidate screening},
  author={Wilson, Christo and Ghosh, Avijit and Jiang, Shan and Mislove, Alan and Baker, Lewis and Szary, Janelle and Trindel, Kelly and Polli, Frida},
  booktitle={Proceedings of the 2021 ACM Conference on Fairness, Accountability, and Transparency},
  pages={666--677},
  year={2021}
}


@misc{faceshutNYU,
  title={Facebook shuts out NYU academics’ research on political ads},
  author={Ortutay,Barbara},
  year={2021},
  publisher={Associated Press}
}

@misc{faceshutAW,
  title={Facebook shut down German research on Instagram algorithm, researchers say},
  author={Brandom, Russell},
  year={2021},
  publisher={The Verge}
}

@misc{shutclearview,
  title={'Chilling': Facial recognition firm Clearview AI hits watchdog groups with subpoenas},
  author={Levine, Alexandra},
  year={2021},
  publisher={Politico}
}
%Facebook shuts out NYU academics’ research on political ads
%By BARBARA ORTUTAY
%August 4, 2021
%Associated Press


%Facebook shut down German research on Instagram algorithm, researchers say
% Russell Brandom  
%Aug 13, 2021, 11:19am EDT
%The Verge


%'Chilling': Facial recognition firm Clearview AI hits watchdog groups with subpoenas
%By ALEXANDRA S. LEVINE
%09/24/2021 06:52 PM EDT
%Politico 

@article{kadri2020digital,
  title={Digital Gatekeepers},
  author={Kadri, Thomas},
  journal={Texas Law Review},
  volume={99},
  year={2020}
}


%https://themarkup.org/series/impact



@misc{2020sandvig,
  title={Sandvig v. Barr},
  booktitle={F. Supp. 3d},
  volume={451},
  pages={73},
  number={Civil Action No. 16-1368 (JDB)},
  year={2020},
  publisher={Dist. Court, Dist. of Columbia}
}

@misc{2020van,
  title={Van Buren v. United States},
  booktitle={S. Ct.},
  volume={140},
  pages={2667},
  number={No. 19-783},
  year={2020},
  publisher={Supreme Court}
}

%Web scraping is a tool, not a crime
%Lam Thuy Vo
%MIT Technology review 
%December 8, 2020

@misc{maurernew2021,
	title = {New {York} {City} to {Require} {Bias} {Audits} of {AI}-{Type} {HR} {Technology}},
	language = {en-US},
	urldate = {2022-02-28},
	journal = {SHRM},
	author = {Maurer, Roy},
	year = {2021}
}

@article{latonerohuman2021,
	title = {Human {Rights} {Impact} {Assessments} for {AI}: {Learning} from {Facebook}'s {Failure} in {Myanmar}},
	language = {en},
	author = {Latonero, Mark and Agarwal, Aaina},
	year = {2021},
	pages = {18}
}

@misc{noauthorai2020,
	title = {{AI} {Auditing} {Framework}},
	abstract = {The UK Information Commissioner's Office is developing its approach to auditing and supervising AI applications.},
	language = {en},
	urldate = {2022-02-28},
	year = {2020},
	author = {ICO}
}

@misc{noauthorsenator2021,
author = {Markey and Matsui},
	title = {Senator {Markey}, {Rep}. {Matsui} {Introduce} {Legislation} to {Combat} {Harmful} {Algorithms} and {Create} {New} {Online} {Transparency} {Regime}},
	language = {en},
	urldate = {2022-02-28},
	month = may,
	year = {2021}
}


@misc{agri_report,
author = {Baier, Ann H. and Ahramjian, Lisa},
	title = {Organic {Certification} of {Farms} and {Businesses} {Producing} {Agricultural} {Products}},
	language = {en},
	institution = {United States Department of Agriculture},
	pages = {8},
	year = {2020}
}

@article{maude,
author = {U.S. Food and Drug Administration},
	title = {Manufacturer and User Facility Device Experience},
	urldate = {2022-02-28},
	year = {2022},
	author = {U.S. Food \& Drug Administration}
}

@misc{noauthoraviationnodate,
	title = {Aviation {Safety} {Reporting} {System} ({ASRS})},
	urldate = {2022-02-28},
	year = {2022},
	author = {Federal Aviation Administration}
}

@article{sapiezynski2019algorithms,
  title={Algorithms that" Don't See Color": Comparing Biases in Lookalike and Special Ad Audiences},
  author={Sapiezynski, Piotr and Ghosh, Avijit and Kaplan, Levi and Mislove, Alan and Rieke, Aaron},
  journal={arXiv preprint arXiv:1912.07579},
  year={2019}
}

@misc{noauthornationalnodate,
	title = {National {Vulnerability} {Database}},
	urldate = {2022-02-28},
	year = {2022},
	author = {NIST}
}

@misc{plutaso2013,
	title = {So, how do {I} submit a complaint?},
	urldate = {2022-02-28},
	journal = {Consumer Financial Protection Bureau},
	author = {Pluta, Scott},
	year = {2013}
}

@article{short2016monitoring,
  title={Monitoring global supply chains},
  author={Short, Jodi L and Toffel, Michael W and Hugill, Andrea R},
  journal={Strategic Management Journal},
  volume={37},
  number={9},
  pages={1878--1897},
  year={2016},
  publisher={Wiley Online Library}
}

@article{moore2010conflict,
  title={Conflict of interest and the intrusion of bias},
  author={Moore, Don A and Tanlu, Lloyd and Bazerman, Max H},
  journal={Judgment and Decision Making},
  volume={5},
  number={1},
  pages={37},
  year={2010},
  publisher={Society for Judgment \& Decision Making}
}

@article{church2015auditor,
  title={Auditor independence in fact: Research, regulatory, and practice implications drawn from experimental and archival research},
  author={Church, Bryan K and Jenkins, J Gregory and McCracken, Susan A and Roush, Pamela B and Stanley, Jonathan D},
  journal={Accounting Horizons},
  volume={29},
  number={1},
  pages={217--238},
  year={2015},
  publisher={American Accounting Assocation}
}

@article{griffin2011did,
  title={Did credit rating agencies make unbiased assumptions on CDOs?},
  author={Griffin, John M and Tang, Dragon Yongjun},
  journal={American Economic Review},
  volume={101},
  number={3},
  pages={125--30},
  year={2011}
}

@article{gipper2021economics,
  title={On the economics of mandatory audit partner rotation and tenure: Evidence from PCAOB data},
  author={Gipper, Brandon and Hail, Luzi and Leuz, Christian},
  journal={The Accounting Review},
  volume={96},
  number={2},
  pages={303--331},
  year={2021},
  publisher={American Accounting Association}
}

@article{kim2015mandatory,
  title={Mandatory audit firm rotation and audit quality},
  author={Kim, Hakwoon and Lee, Hyoik and Lee, Jong Eun and others},
  journal={Journal of Applied Business Research (Jabr)},
  volume={31},
  number={3},
  pages={1089--1106},
  year={2015}
}

@article{ewelt2012we,
  title={What do we know about mandatory audit firm rotation},
  author={Ewelt-Knauer, Corinna and Gold, Anna and Pott, Christiane},
  journal={Institute of Chartered Accountants in Scotland (ICAS), Edinburgh. Available at: icas. org. uk/MAFR. pdf (accessed 22 January 2013)},
  year={2012}
}

@article{houghton2003market,
  title={The market for financial report audits: Regulation of and competition for auditor independence},
  author={Houghton, Keith A and Jubb, Christine A},
  journal={Law \& Policy},
  volume={25},
  number={3},
  pages={299--321},
  year={2003},
  publisher={Wiley Online Library}
}

@article{harber2020perceived,
  title={The perceived financial effects of mandatory audit firm rotation},
  author={Harber, Michael and Marx, Ben and De Jager, Phillip},
  journal={Journal of International Financial Management \& Accounting},
  volume={31},
  number={2},
  pages={215--234},
  year={2020},
  publisher={Wiley Online Library}
}

@article{schuck1972curious,
  title={curious case of the indicted meat inspectors},
  author={Schuck, Peter},
  journal={Harper's magazine},
  year={1972}
}

@article{kovacs2020grade,
  title={Grade inflation in restaurant hygiene inspections: Repeated interactions between inspectors and restaurateurs},
  author={Kov{\'a}cs, Bal{\'a}zs and Lehman, David W and Carroll, Glenn R},
  journal={Food Policy},
  volume={97},
  pages={101960},
  year={2020},
  publisher={Elsevier}
}

@article{causholli2014future,
  title={Future nonaudit service fees and audit quality},
  author={Causholli, Monika and Chambers, Dennis J and Payne, Jeff L},
  journal={Contemporary accounting research},
  volume={31},
  number={3},
  pages={681--712},
  year={2014},
  publisher={Wiley Online Library}
}

@article{pierce2013role,
  title={The role of organizational scope and governance in strengthening private monitoring},
  author={Pierce, Lamar and Toffel, Michael W},
  journal={Organization Science},
  volume={24},
  number={5},
  pages={1558--1584},
  year={2013},
  publisher={Informs}
}

@article{murphy2010executive,
  title={Executive pay and “independent” compensation consultants},
  author={Murphy, Kevin J and Sandino, Tatiana},
  journal={Journal of Accounting and Economics},
  volume={49},
  number={3},
  pages={247--262},
  year={2010},
  publisher={Elsevier}
}

@article{bedford2021quality,
  title={The quality of other assurance services supplied by accounting firms: Evidence from independent expert reports},
  author={Bedford, Anna and Bugeja, Martin and Ghannam, Samir and Ma, Nelson},
  journal={International Journal of Auditing},
  volume={25},
  number={1},
  pages={40--58},
  year={2021},
  publisher={Wiley Online Library}
}

@article{o2000monitoring,
  title={Monitoring the monitors: A critique of PricewaterhouseCoopers (PwC) labour monitoring},
  author={O’Rourke, Dara},
  journal={Department of Urban Studies and Planning Massachusetts Institute of Technology},
  year={2000}
}

@article{toffolutti2017evidence,
  title={Evidence points to ‘gaming’at hospitals subject to National Health Service Cleanliness Inspections},
  author={Toffolutti, Veronica and McKee, Martin and Stuckler, David},
  journal={Health Affairs},
  volume={36},
  number={2},
  pages={355--361},
  year={2017}
}

@article{klerks2013unannounced,
  title={Unannounced, compared with announced inspections: A systematic review and exploratory study in nursing homes},
  author={Klerks, Marielle CJL and Ketelaars, Corry AJ and Robben, Paul BM},
  journal={Health policy},
  volume={111},
  number={3},
  pages={311--319},
  year={2013},
  publisher={Elsevier}
}

@article{lamoreaux2016does,
  title={Does PCAOB inspection access improve audit quality? An examination of foreign firms listed in the United States},
  author={Lamoreaux, Phillip T},
  journal={Journal of Accounting and Economics},
  volume={61},
  number={2-3},
  pages={313--337},
  year={2016},
  publisher={Elsevier}
}

@article{titera2013updating,
  title={Updating audit standard—Enabling audit data analysis},
  author={Titera, William R},
  journal={Journal of Information Systems},
  volume={27},
  number={1},
  pages={325--331},
  year={2013},
  publisher={American Accounting Assocation}
}

@article{aobdia2021economics,
  title={The economics of audit production: What matters for audit quality? An empirical analysis of the role of mid-level managers within the audit firm},
  author={Aobdia, Daniel and Choudhary, Preeti and Newberger, Noah},
  journal={An Empirical Analysis of the Role of Mid-level Managers within the Audit Firm (January 28, 2021)},
  year={2021}
}

@article{ho2017does,
  title={Does peer review work: An experiment of experimentalism},
  author={Ho, Daniel E},
  journal={Stan. L. Rev.},
  volume={69},
  pages={1},
  year={2017},
  publisher={HeinOnline}
}

@article{aobdia2021economics,
  title={The economics of audit production: What matters for audit quality? An empirical analysis of the role of mid-level managers within the audit firm},
  author={Aobdia, Daniel and Choudhary, Preeti and Newberger, Noah},
  journal={An Empirical Analysis of the Role of Mid-level Managers within the Audit Firm (January 28, 2021)},
  year={2021}
}

@article{chung2019opinion,
  title={Opinion shopping to avoid a going concern audit opinion and subsequent audit quality},
  author={Chung, Heesun and Sonu, Catherine Heyjung and Zang, Yoonseok and Choi, Jong-Hag},
  journal={Auditing: A Journal of Practice \& Theory},
  volume={38},
  number={2},
  pages={101--123},
  year={2019},
  publisher={American Accounting Association}
}

@article{carcello2009rules,
  title={Rules rather than discretion in audit standards: Going-concern opinions in Belgium},
  author={Carcello, Joseph V and Vanstraelen, Ann and Willenborg, Michael},
  journal={The Accounting Review},
  volume={84},
  number={5},
  pages={1395--1428},
  year={2009}
}

@article{defond2011effect,
  title={The effect of SOX on small auditor exits and audit quality},
  author={DeFond, Mark L and Lennox, Clive S},
  journal={Journal of Accounting and Economics},
  volume={52},
  number={1},
  pages={21--40},
  year={2011},
  publisher={Elsevier}
}

@article{gao2019auditing,
  title={Auditing standards, professional judgment, and audit quality},
  author={Gao, Pingyang and Zhang, Gaoqing},
  journal={The Accounting Review},
  volume={94},
  number={6},
  pages={201--225},
  year={2019},
  publisher={American Accounting Association}
}

@article{lytton2014oversight,
  title={Oversight in private food safety auditing: Addressing auditor conflict of interest},
  author={Lytton, Timothy D and McAllister, Lesley K},
  journal={Wis. L. Rev.},
  pages={289},
  year={2014},
  publisher={HeinOnline}
}

@article{kleiner2000occupational,
  title={Occupational licensing},
  author={Kleiner, Morris M},
  journal={Journal of Economic Perspectives},
  volume={14},
  number={4},
  pages={189--202},
  year={2000}
}

@article{barrios2021occupational,
  title={Occupational Licensing and Accountant Quality: Evidence from the 150-Hour Rule},
  author={Barrios, John M},
  journal={Journal of Accounting Research},
  year={2021},
  publisher={Wiley Online Library}
}

@article{cascino2021labor,
  title={Labor market effects of spatial licensing requirements: Evidence from CPA mobility},
  author={Cascino, Stefano and Tamayo, Ane and Vetter, Felix},
  journal={Journal of Accounting Research},
  volume={59},
  number={1},
  pages={111--161},
  year={2021},
  publisher={Wiley Online Library}
}

@article{colbert1999state,
  title={State accountancy regulations, audit firm size, and auditor quality: An empirical investigation},
  author={Colbert, Gary and Murray, Dennis},
  journal={Journal of Regulatory Economics},
  volume={16},
  number={3},
  pages={267--286},
  year={1999},
  publisher={Springer}
}

@article{kleiner2000does,
  title={Does regulation affect economic outcomes? The case of dentistry},
  author={Kleiner, Morris M and Kudrle, Robert T},
  journal={The Journal of Law and Economics},
  volume={43},
  number={2},
  pages={547--582},
  year={2000},
  publisher={The University of Chicago Press}
}

@article{larsen2013occupational,
  title={Occupational licensing and quality: Distributional and heterogeneous effects in the teaching profession},
  author={Larsen, Bradley},
  journal={Available at SSRN 2387096},
  year={2013}
}

@article{goldhaber2000does,
  title={Does teacher certification matter? High school teacher certification status and student achievement},
  author={Goldhaber, Dan D and Brewer, Dominic J},
  journal={Educational evaluation and policy analysis},
  volume={22},
  number={2},
  pages={129--145},
  year={2000},
  publisher={Sage Publications}
}

@article{turner2010improving,
  title={Improving transparency and relevance of auditor communications with financial statement users},
  author={Turner, Jerry L and Mock, Theodore J and Coram, Paul J and Gray, Glen L},
  journal={Current issues in auditing},
  volume={4},
  number={1},
  pages={A1--A8},
  year={2010}
}

@article{bavorova2017does,
  title={Does disclosure of food inspections affect business compliance? The case of Berlin, Germany},
  author={Bavorova, Miroslava and Fietz, Anica Veronika and Hirschauer, Norbert},
  journal={British Food Journal},
  year={2017},
  publisher={Emerald Publishing Limited}
}

@article{handan2020feasible,
  title={Feasible policy evaluation by design: A randomized synthetic stepped-wedge trial of mandated disclosure in King County},
  author={Handan-Nader, Cassandra and Ho, Daniel E and Elias, Becky},
  journal={Evaluation Review},
  volume={44},
  number={1},
  pages={3--50},
  year={2020},
  publisher={SAGE Publications Sage CA: Los Angeles, CA}
}

@article{ho2012fudging,
  title={Fudging the nudge: Information disclosure and restaurant grading},
  author={Ho, Daniel E},
  journal={Yale LJ},
  volume={122},
  pages={574},
  year={2012},
  publisher={HeinOnline}
}

@article{fang2009effectiveness,
  title={The effectiveness of reputation as a disciplinary mechanism in sell-side research},
  author={Fang, Lily and Yasuda, Ayako},
  journal={The Review of Financial Studies},
  volume={22},
  number={9},
  pages={3735--3777},
  year={2009},
  publisher={Oxford University Press}
}

@article{krishnan2008costs,
  title={Costs to comply with SOX Section 404},
  author={Krishnan, Jagan and Rama, Dasaratha and Zhang, Yinghong},
  journal={Auditing: A Journal of Practice \& Theory},
  volume={27},
  number={1},
  pages={169--186},
  year={2008}
}