@Article{Kim2021,
	author = {Song-Ju Kim and Taiki Takahashi and Kazuo Sano},
	title = {A balance for fairness: fair distribution utilising physics},
	journal = {Humanities and Social Sciences Communications},
	year = {2021},
}

@Article{Zhao2023,
	author = {Zhuoya Zhao and Feifei Zhao and Yuxuan Zhao and Yi Zeng and Yinqian Sun},
	title = {A brain-inspired theory of mind spiking neural network improves multi-agent cooperation and competition},
	journal = {Patterns},
	year = {2023},
}

@Article{Busoniu2008a,
	author = {Lucian Busoniu and Robert Babuska and Bart De Schutter},
	title = {A Comprehensive Survey of Multiagent Reinforcement Learning},
	journal = {IEEE TRANSACTIONS ON SYSTEMS, MAN, AND CYBERNETICS—PART C: APPLICATIONS AND REVIEWS},
	year = {2008},
}

@Article{Richards2019,
	author = {Blake A. Richards and Timothy P. Lillicrap and Philippe Beaudoin and Yoshua Bengio and Rafal Bogacz and Amelia Christensen and Claudia Clopath and Rui Ponte Costa and Archy de Berker and Surya Ganguli and Colleen J. Gillon and Danijar Hafner and Adam Kepecs and Nikolaus Kriegeskorte and Peter Latham and Grace W. Lindsay and Kenneth D. Miller and Richard Naud and Christopher C. Pack and Panayiota Poirazi and Pieter Roelfsema and João Sacramento and Andrew Saxe and Benjamin Scellier and Anna C. Schapiro and Walter Senn and Greg Wayne and Daniel Yamins and Friedemann Zenke and Joel Zylberberg, Denis Therien and Konrad P. Kording},
	title = {A deep learning framework for neuroscience},
	journal = {Natue Neuroscience},
	year = {2019},
}

@Article{Vinitsky2021,
	author = {Eugene Vinitsky and Raphael Köster and John P. Agapiou and Edgar Duéñez-Guzmán and Alexander Sasha Vezhnevets and Joel Z. Leibo},
	title = {A learning agent that acquires social norms from public sanctions in decentralized multi-agent settings},
	journal = {DeepMind},
	year = {2021},
}

@Article{May2023,
	author = {Ross May and Pei Huang},
	title = {A multi-agent reinforcement learning approach for investigating and optimising peer-to-peer prosumer energy markets},
	journal = {Applied Energy},
	year = {2023},
}

@Article{Agrawal2021,
	author = {Akash Agrawal and Sung Jun Won and Tushar Sharma and Mayuri Deshpande and Christopher McComb},
	title = {A MULTI-AGENT REINFORCEMENT LEARNING FRAMEWORK FOR INTELLIGENT MANUFACTURING WITH AUTONOMOUS MOBILE ROBOTS},
	journal = {INTERNATIONAL CONFERENCE ON ENGINEERING DESIGN},
	year = {2021},
}

@Article{Perolat2017,
	author = {Julien Perolat and Charles Beattie and Joel Z. Leibo and Karl Tuyls and Vinicius Zambaldi and Thore Graepel},
	title = {A multi-agent reinforcement learning model of common-pool resource appropriation},
	journal = {NeurIPS},
	year = {2017},
}

@Article{Bahrpeyma2022,
	author = {Fouad Bahrpeyma and Dirk Reichelt},
	title = {A review of the applications of multi-agent reinforcement learning in smart factories},
	journal = {Frontiers in Robotics and AI},
	year = {2022},
}

@Article{Hernandez-Leal2019a,
	author = {Pablo Hernandez-Leal and Bilal Kartal and Matthew E. Taylor},
	title = {A Survey and Critique of Multiagent Deep Reinforcement Learning},
	journal = {ArXiv},
	year = {2019},
}

@Article{Hernandez-Leal2019b,
	author = {Pablo Hernandez-Leal and Michael Kaisers and Tim Baarslag and Enrique Munoz de Cote},
	title = {A Survey of Learning in Multiagent Environments: Dealing with Non-Stationarity},
	journal = {ArXiv},
	year = {2019},
}

@Article{DaSilva2019,
	author = {Felipe Leno Da Silva and Anna Helena Reali Costa},
	title = {A Survey on Transfer Learning for Multiagent Reinforcement Learning Systems},
	journal = {Journal of Artificial Intelligence Research},
	year = {2019},
}

@Article{Abel2020,
	author = {David Abel},
	title = {A Theory of Abstraction in Reinforcement Learning},
	journal = {PhD thesis of the department of computer science at Brown University},
	year = {2020},
}

@Article{Acemoglu2020,
	author = {Daron Acemoglu and Alexander Wolitzky},
	title = {A Theory of Equality Before The Law},
	journal = {The Economic Journal},
	year = {2020},
}

@Article{Fehr1999,
	author = {Ernst Fehr and Klaus M. Schmidt},
	title = {A Theory of Fairness, Competition, and Cooperation},
	journal = {The Quarterly Journal of Economics},
	year = {1999},
}

@Article{Amirinezhad2022,
	author = {Amir Amirinezhad and Saber Salehkaleybar and Matin Hashemi},
	title = {Active learning of causal structures with deep reinforcement learning},
	journal = {Neural Networks},
	year = {2022},
}

@Article{Yang2022,
	author = {Jiachen Yang and Ethan Wang and Rakshit Trivedi and Tuo Zhao and Hongyuan Zha},
	title = {Adaptive Incentive Design with Multi-Agent Meta-Gradient Reinforcement Learning},
	journal = {AAMAS},
	year = {2022},
}

@Article{Tesfatsion2003,
	author = {Leigh Tesfatsion},
	title = {Agent-Based Computational Economics: A Constructive Approach to Economic Theory},
	journal = {Handbook of Computational Economics},
	year = {2005},
}

@Article{Zhang2022,
	author = {Tianyu Zhang and Andrew Williams and Soham Phade and Sunil Srinivasa and Yang Zhang and Prateek Gupta and Yoshua Bengio and Stephan Zheng},
	title = {AI for Global Climate Cooperation: Modeling Global Climate Negotiations, Agreements, and Long-Term Cooperation in RICE-N},
	journal = {Salesforce},
	year = {2022},
}

@Article{Danassis2023,
	author = {Panayiotis Danassis and Aris Filos-Ratsikas and Haipeng Chen and Milind Tambe and Boi Faltings},
	title = {AI-driven Prices for Externalities and Sustainability in Production Markets},
	journal = {ArXiv},
	year = {2023},
}

@Article{Kuriksha2021,
	author = {Artem Kuriksha},
	title = {An Economy of Neural Networks: Learning from Heterogeneous Experiences},
	journal = {ArXiv},
	year = {2021},
}

@Article{Herrmann2008,
	author = {Benedikt Herrmann and Christian Thöni and Simon Gächter},
	title = {Antisocial Punishment Across Societies},
	journal = {Science},
	year = {2008},
}

@Article{Bickley2022,
	author = {Steve J. Bickley and Ho Fai Chan and Benno Torgler},
	title = {Artificial intelligence in the field of economics},
	journal = {Scientometrics},
	year = {2022},
}

@Article{Yu2023,
	author = {Chao Yu and Xinyi Yang and Jiaxuan Gao and Jiayu Chen and Yunfei Li and Jijia Liu and Yunfei Xiang and Ruixin Huang and Huazhong Yang and Yi Wu and Yu Wang},
	title = {Asynchronous Multi-Agent Reinforcement Learning for Efficient Real-Time Multi-Robot Cooperative Exploration},
	journal = {AAMAS},
	year = {2023},
}

@Article{Liu2023,
	author = {Dianbo Liu and Samuele Bolotta and He Zhu and Yoshua Bengio and Guillaume Dumas},
	title = {Attention Schema in Neural Agents},
	journal = {ArXiv},
	year = {2023},
}

@Article{Leibo2019,
	author = {Joel Z. Leibo and Edward Hughes and Marc Lanctot and Thore Graepel},
	title = {Autocurricula and the Emergence of Innovation from Social Interaction: A Manifesto for Multi-Agent Intelligence Research},
	journal = {DeepMind},
	year = {2019},
}

@Article{ArXiv2023,
	author = {Eleni Nisioti and Elias Masquil and Gautier Hamon and Clement Moulin-Frier},
	title = {AUTOTELIC REINFORCEMENT LEARNING IN MULTI-AGENT ENVIRONMENTS},
	journal = {ArXiv},
	year = {2023},
}

@Article{Bickley2021,
	author = {Steve J. Bickley and Benno Torgler},
	title = {Behavioural economics, what have we missed? Exploring "classical" behavioural economics roots in AI, cognitive psychology, and complexity theory},
	journal = {CREMA - Center for Research in Economics, Management and the Arts, Zürich},
	year = {2021},
}

@Article{Papoudakis2021,
	author = {Georgios Papoudakis and Filippos Christianos and Lukas Schäfer and Stefano V. Albrecht},
	title = {Benchmarking Multi-Agent Deep Reinforcement Learning Algorithms in Cooperative Tasks},
	journal = {NeurIPS},
	year = {2021},
}

@Article{Finocchiaro2021,
	author = {Jessie Finocchiaro and Roland Maio and Faidra Monachou and Gourab K Patro and Manish Raghavan and Ana-Andreea Stoica and Stratis Tsirtsis},
	title = {Bridging Machine Learning and Mechanism Design towards Algorithmic Fairness},
	journal = {ArXiv},
	year = {2021},
}

@Article{Trott2021,
	author = {Alexander Trott and Sunil Srinivasa and Douwe van der Wal and Sebastien Haneuse and Stephan Zheng},
	title = {Building a Foundation for Data-Driven, Interpretable, and Robust Policy Design using the AI Economist},
	journal = {ArXiv},
	year = {2021},
}

@Article{Zhong2023,
	author = {Han Zhong and Zhuoran Yang and Zhaoran Wang and Michael I. Jordan},
	title = {Can Reinforcement Learning Find Stackelberg-Nash Equilibria in General-Sum Markov Games with Myopically Rational Followers},
	journal = {Journal of Machine Learning Research},
	year = {2023},
}

@Article{Ha2022,
	author = {David Ha and Yujin Tang},
	title = {Collective intelligence for deep learning: A survey of recent developments},
	journal = {Collective Intelligence},
	year = {2022},
}

@Article{Grupen2022a,
	author = {Niko A. Grupen and Natasha Jaques and Been Kim and Shayegan Omidshafiei},
	title = {Concept-based Understanding of Emergent Multi-Agent Behavior},
	journal = {NeurIPS},
	year = {2022},
}

@Article{Butlin2023,
	author = {Patrick Butlin and Yoshua Bengio and George Deane and Xu Ji and Grace Lindsay and Megan A. K. Peters and Robert Long and Jonathan Birch and Stephen M. Fleming and Ryota Kanai and Matthias Michel and Eric Schwitzgebel and Rufin VanRullen and Eric Elmoznino and Axel Constant and Chris Frith and Colin Klein and Liad Mudrik and Jonathan Simon},
	title = {Consciousness in Artificial Intelligence: Insights from the Science of Consciousness},
	journal = {ArXiv},
	year = {2023},
}

@Article{Gupta2016,
	author = {Jayesh K. Gupta and Maxim Egorov and Mykel Kochenderfer},
	title = {Cooperative Multi-Agent Control Using Deep Reinforcement Learning},
	journal = {ArXiv},
	year = {2016},
}

@Article{Grupen2022b,
	author = {Niko A. Grupen and Bart Selman and Daniel D. Lee},
	title = {Cooperative Multi-Agent Fairness and Equivariant Policies},
	journal = {AAAI},
	year = {2022},
}

@Article{PANAIT2005,
	author = {LIVIU PANAIT and SEAN LUKE},
	title = {Cooperative Multi-Agent Learning: The State of the Art},
	journal = {Autonomous Agents and Multi-Agent Systems},
	year = {2005},
}

@Article{Chen2023,
	author = {Renlong Chen and Ying Tan},
	title = {Credit assignment with predictive contribution measurement in multi-agent reinforcement learning},
	journal = {Neural Networks},
	year = {2023},
}

@Article{Papoudakis2019,
	author = {Georgios Papoudakis and Filippos Christianos and Arrasy Rahman and Stefano V. Albrecht},
	title = {Dealing with Non-Stationarity in Multi-Agent Deep Reinforcement Learning},
	journal = {ArXiv},
	year = {2019},
}

@Article{Bury2021,
	author = {Thomas M. Bury and R. I. Sujithc and Induja Pavithrand and Marten Scheffere and Timothy M. Lentonf and Madhur Anandb and Chris T. Bauch},
	title = {Deep learning for early warning signals of tipping points},
	journal = {PNAS},
	year = {2021},
}

@Article{Schmidhuber2014,
	author = {Jurgen Schmidhuber},
	title = {Deep Learning in Neural Networks: An Overview},
	journal = {ArXiv},
	year = {2014},
}

@Article{deWitt2020,
	author = {Christian Schroeder de Witt and Bei Peng and Pierre-Alexandre Kamienny and Philip Torr and Wendelin Bohmer and Shimon Whiteson},
	title = {Deep Multi-Agent Reinforcement Learning for Decentralized Continuous Cooperative Control},
	journal = {ArXiv},
	year = {2020},
}

@Article{Botvinick2020,
	author = {Matthew Botvinick and Jane X. Wang and Will Dabney and Kevin J. Miller and Zeb Kurth-Nelson},
	title = {Deep Reinforcement Learning and Its Neuroscientific Implications},
	journal = {Neuron},
	year = {2020},
}

@Article{Nguyen2019,
	author = {Thanh Thi Nguyen and Ngoc Duy Nguyen and Saeid Nahavandi},
	title = {Deep Reinforcement Learning for Multi-Agent Systems: A Review of Challenges, Solutions and Applications},
	journal = {ArXiv},
	year = {2019},
}

@Article{McKee2021,
	author = {Kevin R. McKee and Edward Hughes and Tina O. Zhu and Martin J. Chadwick and Raphael Koster, Antonio García Castañeda and Charlie Beattie and Thore Graepel and Matt Botvinick and Joel Z. Leibo},
	title = {Deep reinforcement learning models the emergent dynamics of human cooperation},
	journal = {DeepMind},
	year = {2021},
}

@Article{Acemoglu2015a,
	author = {Daron Acemoglu and Suresh Naidu and Pascual Restrepo and James A. Robinson},
	title = {Democracy Does Cause Growth},
	journal = {NBER WORKING PAPER SERIES},
	year = {2015},
}

@Article{Acemoglu2015b,
	author = {Daron Acemoglu and Suresh Naidu and Pascual Restrepo and James A. Robinson},
	title = {Democracy, Redistribution, and Inequality},
	journal = {Handbook of Income Distribution},
	year = {2015},
}

@Article{Gemp2022,
	author = {Ian Gemp and Thomas Anthony and Yoram Bachrach and Avishkar Bhoopchand and Kalesha Bullard and Jerome Connor and Vibhavari Dasagi and Bart De Vylder and Edgar A. Duéñez-Guzmán and Romuald Elie and Richard Everett and Daniel Hennes and Edward Hughes and Mina Khan and Marc Lanctot and Kate Larson and Guy Lever and Siqi Liu and Luke Marris and Kevin R. McKee and Paul Muller and Julien Pérolat and Florian Strub and AndreaTacchetti and Eugene Tarassov and Zhe Wang and Karl Tuyls},
	title = {Developing, Evaluating and Scaling Learning Agents in Multi-Agent Environments},
	journal = {ArXiv},
	year = {2022},
}

@Article{Hasson2019,
	author = {Uri Hasson and Samuel A. Nastase and Ariel Goldstein},
	title = {Direct Fit to Nature: An Evolutionary Perspective on Biological and Artificial Neural Networks},
	journal = {Neuron},
	year = {2019},
}

@Article{Yu2019,
	author = {Chao Yu and Yinzhao Dong and Yangning Li and Yatong Chen},
	title = {Distributed multi-agent deep reinforcement learning for cooperative multi-robot pursuit},
	journal = {ACAIT},
	year = {2019},
}

@Article{Mao2023,
	author = {Yiran Mao and Madeline G. Reinecke and Markus Kunesch and Edgar A. Duéñez-Guzmán and Ramona Comanescu and Julia Haas and Joel Z. Leibo},
	title = {Doing the right thing for the right reason: Evaluating artificial moral cognition by probing cost insensitivity},
	journal = {ArXiv},
	year = {2023},
}

@Article{Parkes2015,
	author = {David C. Parkes and Michael P. Wellman},
	title = {Economic reasoning and artificial intelligence},
	journal = {Science},
	year = {2015},
}

@Article{Johanson2022,
	author = {Michael Bradley Johanson and Edward Hughes and Finbarr Timbers and Joel Z. Leibo},
	title = {Emergent Bartering Behaviour in Multi-Agent Reinforcement Learning},
	journal = {DeepMind},
	year = {2022},
}

@Article{Schulz2023,
	author = {Lion Schulz and Nitay Alon and Jeffrey S. Rosenschein and Peter Dayan},
	title = {Emergent deception and skepticism via theory of mind},
	journal = {PMLR},
	year = {2023},
}

@Article{Baker2020a,
	author = {Bowen Baker},
	title = {Emergent Reciprocity and Team Formation from Randomized Uncertain Social Preferences},
	journal = {NeurIPS},
	year = {2020},
}

@Article{Baker2020b,
	author = {Bowen Baker and Glenn Powell and Ingmar Kanitscheider and Todor Markov and Yi Wu and Bob McGrew and Igor Mordatch},
	title = {Emergent Tool Use from Multi-agent Autocurricula},
	journal = {ICLR},
	year = {2020},
}

@Article{Dwarakanath2022,
	author = {Kshama Dwarakanath and Svitlana S Vyetrenko and Tucker Balch},
	title = {Equitable Marketplace Mechanism Design},
	journal = {ICAIF},
	year = {2022},
}

@Article{Fu2021,
	author = {Justin Fu and Andrea Tacchetti and Julien Perolat and Yoram Bachrach},
	title = {Evaluating Strategic Structures in Multi-Agent Inverse Reinforcement Learning},
	journal = {Journal of Artificial Intelligence Research},
	year = {2021},
}

@Article{Krieger2022,
	author = {Madison S. Krieger},
	title = {Evolutionary dynamics of hyperbolic language},
	journal = {PLOS Computational Biology},
	year = {2022},
}

@Article{Bloembergen2015,
	author = {Daan Bloembergen and Karl Tuyls and Daniel Hennes and Michael Kaisers},
	title = {Evolutionary Dynamics of Multi-Agent Learning: A Survey},
	journal = {Journal of Artificial Intelligence Research},
	year = {2015},
}

@Article{Cooney2022,
	author = {Daniel B. Cooney and Simon A. Levin and Yoichiro Mori and Joshua B. Plotkin},
	title = {Evolutionary Dynamics Within and Among Competing Groups},
	journal = {ArXiv},
	year = {2022},
}

@Article{Wang2019,
	author = {Jane X. Wang and Edward Hughes and Chrisantha Fernando and Wojciech M. Czarnecki and Edgar A. Duéñez-Guzmán and Joel Z. Leibo},
	title = {Evolving Intrinsic Motivations for Altruistic Behavior},
	journal = {International Conference on Autonomous Agents and Multiagent Systems},
	year = {2019},
}

@Article{Opheusden2023,
	author = {Bas van Opheusden and Ionatan Kuperwajs and Gianni Galbiati and Zahy Bnaya and Yunqi Li and Wei Ji Ma},
	title = {Expertise increases planning depth in human gameplay},
	journal = {Nature},
	year = {2023},
}

@Article{Covert2021,
	author = {Ian C. Covert and Scott Lundberg and Su-In Lee},
	title = {Explaining by Removing: A Unified Framework for Model Explanation},
	journal = {Journal of Machine Learning Research},
	year = {2021},
}

@Article{Hawkins2023,
	author = {Robert D. Hawkins and Andrew M. Berdahl and Alex ‘Sandy’ Pentland and Joshua B. Tenenbaum and Noah D. Goodman and P. M. Krafft},
	title = {Flexible social inference facilitates targeted social learning when rewards are not observable},
	journal = {Nature Human Behaviour},
	year = {2023},
}

@Article{Arthur2021,
	author = {W. Brian Arthur},
	title = {Foundations of complexity economics},
	journal = {Nature Review Physics},
	year = {2021},
}

@Article{Acemoglu2009,
	author = {Daron Acemoglu and James Robinson},
	title = {Foundations of Societal Inequality},
	journal = {Science},
	year = {2009},
}

@Article{Liang2022,
	author = {Zhiuxan Liang and Jiannong Cao and Shan Jiang and Divya Saxena and Jinlin Chen and Huafeng Xu},
	title = {From Multi-agent to Multi-robot: A Scalable Training and Evaluation Platform for Multi-robot Reinforcement Learning},
	journal = {ArXiv},
	year = {2009},
}

@Article{Nowe2012,
	author = {Ann Nowe and Peter Vrancx and Yann-Michae ̈l De Hauwere},
	title = {Game Theory and Multi-agent Reinforcement Learning},
	journal = {Reinforcement Learning},
	year = {2012},
}

@Article{Goktas2023,
	author = {Denizalp Goktas and David C. Parkes and Ian Gemp and Luke Marris and Georgios Piliouras and Romuald Elie and Guy Lever and Andrea Tacchetti},
	title = {GENERATIVE ADVERSARIAL EQUILIBRIUM SOLVERS},
	journal = {ArXiv},
	year = {2023},
}

@Article{Nisioti2021,
	author = {Eleni Nisioti and Katia Jodogne-del Litto and Clément Moulin-Frier},
	title = {Grounding an Ecological Theory of Artificial Intelligence in Human Evolution},
	journal = {NeurIPS},
	year = {2021},
}

@Article{Dulberg2023,
	author = {Zack Dulberg and Rachit Dubey and Isabel M. Berwiana and Jonathan Cohen},
	title = {Having “multiple selves” helps learning agents explore and adapt in complex changing worlds},
	journal = {PNAS},
	year = {2023},
}

@Article{Bettini2023,
	author = {Matteo Bettini and Ajay Shankar and Amanda Prorok},
	title = {Heterogeneous Multi-Robot Reinforcement Learning},
	journal = {ArXiv},
	year = {2023},
}

@Article{Koster2022a,
	author = {Raphael Koster and Balaguer Jan and Andrea Tacchetti and Ari Weinstein and Tina Zhu and Oliver Hauser and Duncan Williams and Lucy Campbell-Gillingham and Phoebe Thacker and Matthew Botvinick and Christopher Summerfield},
	title = {Human-centred mechanism design with Democratic AI},
	journal = {Nature Human Behaviour},
	year = {2022},
}

@Article{Meta2022,
	author = {Meta Fundamental AI Research Diplomacy Team (FAIR) and Anton Bakhtin and Noam Brown and Emily Dinan and Gabriele Farina and Colin Flaherty and Daniel Fried and Andrew Goff and Jonathan Gray and Hengyuan Hu and Athul Paul Jacob and Mojtaba Komeili and Karthik Konath and Minae Kwon and Adam Lerer and Mike Lewis and Alexander H. Miller and Sasha Mitts and Adithiya Renduchintala and Stephen Roller and Dirk Rowe and Weiyan Shi and Joe Spisak and Alexander Wei and David Wu and Hugh Zhang and Markus Zijlstra},
	title = {Human-level play in the game of Diplomacy by combining language models with strategic reasoning},
	journal = {Science},
	year = {2022},
}

@Article{Shoham2007,
	author = {Yoav Shoham and Rob Powers and Trond Grenager},
	title = {If multi-agent learning is the answer, what is the question?},
	journal = {Artificial Intelligence},
	year = {2007},
}

@Article{Matignon2012,
	author = {Laëtitia Matignon and Guillaume J. Laurent and Nadine Le Fort-Piat},
	title = {Independent reinforcement learners in cooperative Markov games: a survey regarding coordination problems},
	journal = {Knowledge Engineering Review},
	year = {2012},
}

@Article{Goyal2021,
	author = {Anirudh Goyal and Yoshua Bengio},
	title = {Inductive Biases for Deep Learning of Higher-Level Cognition},
	journal = {ArXiv},
	year = {2021},
}

@Article{Hughes2018,
	author = {Edward Hughes and Joel Z. Leibo and Matthew Phillips and Karl Tuyls and Edgar Dueñez-Guzman, Antonio García Castañeda and Iain Dunning and Tina Zhu and Kevin McKee and Raphael Koster and Heather Roff and Thore Graepel},
	title = {Inequity aversion improves cooperation in intertemporal social dilemmas},
	journal = {NeurIPS},
	year = {2018},
}

@Article{Muthukrishna2016,
	author = {Michael Muthukrishna and Joseph Henrich},
	title = {Innovation in the Collective Brain},
	journal = {ArXiv},
	year = {2016},
}

@Article{Salahshour2022,
	author = {Mohammad Salahshour},
	title = {Interaction between games give rise to the evolution of moral norms of cooperation},
	journal = {PLOS Computational Biology},
	year = {2022},
}

@Article{Kar2021,
	author = {Kohitij Kar and Simon Kornblith and Evelina Fedorenko},
	title = {Interpretability of artificial neural network models in artificial intelligence vs. neuroscience},
	journal = {ArXiv},
	year = {2021},
}

@Article{Wu2022a,
	author = {Jibang Wu and Weiran Shen and Fei Fang and Haifeng Xu},
	title = {Inverse Game Theory for Stackelberg Games: the Blessing of Bounded Rationality},
	journal = {NeurIPS},
	year = {2022},
}

@Article{Colas2022,
	author = {Cedric Colas and Tristan Karch and Clement Moulin-Frier and Pierre-Yves Oudeyer},
	title = {Language and Culture Internalisation for Human-Like Autotelic AI},
	journal = {ArXiv},
	year = {2022},
}

@Article{Bichler2021,
	author = {Martin Bichler and Maximilian Fichtl and Stefan Heidekrüger and Nils Kohring and Paul Sutterer},
	title = {Learning equilibria in symmetric auction games using artificial neural networks},
	journal = {Nature Machine Intelligence},
	year = {2021},
}

@Article{Alonso2001,
	author = {EDUARDO ALONSO and MARK D’INVERNO and DANIEL KUDENKO and MICHAEL LUCK and JASON NOBLE},
	title = {Learning in multi-agent systems},
	journal = {The Knowledge Engineering Review},
	year = {2001},
}

@Article{Eccles2019,
	author = {Tom Eccles and Edward Hughes and János Kramár and Steven Wheelwright and Joel Z. Leibo},
	title = {Learning Reciprocity in Complex Sequential Social Dilemmas},
	journal = {ArXiv},
	year = {2019},
}

@Article{Curry2023,
	author = {Michael Curry and Alexander Trott and Soham Phade and Yu Bai and Stephan Zheng},
	title = {Learning Solutions in Large Economic Networks using Deep Multi-Agent Reinforcement Learning},
	journal = {AAMAS},
	year = {2023},
}

@Article{Zaiem2019,
	author = {Mohamed Salah Zaiem and Etienne Bennequin},
	title = {Learning to Communicate in Multi-Agent Reinforcement Learning: A Review},
	journal = {ArXiv},
	year = {2019},
}

@Article{Zhao2022,
	author = {Eric Zhao and Alexander R. Trott and Caiming Xiong and Stephan Zheng},
	title = {Learning to Play General-Sum Games Against Multiple Boundedly Rational Agents},
	journal = {ArXiv},
	year = {2022},
}

@Article{Yang2023,
	author = {Yang Yang and Jie Huang and Dexiu Hu},
	title = {Lifelong learning with Shared and Private Latent Representations learned through synaptic intelligence},
	journal = {Neural Networks},
	year = {2023},
}

@Article{Yao2022,
	author = {Zhenpeng Yao and Yanwei Lum and Andrew Johnston and Luis Martin Mejia-Mendoza and Xin Zhou and Yonggang Wen and Alán Aspuru-Guzik and Edward H. Sargent and Zhi Wei Seh},
	title = {Machine learning for a sustainable energy future},
	journal = {Nature Reviews Materials},
	year = {2022},
}

@Article{Enke2022,
	author = {Benjamin Enke},
	title = {Market exposure and human morality},
	journal = {Nature Human Behaviour},
	year = {2022},
}

@Article{Bakhtin2022,
	author = {Anton Bakhtin and David J. Wu and Adam Lerer and Jonathan Gray and Athul Paul Jacob and Gabriele Farina and Alexander H. Miller and Noam Brown},
	title = {MASTERING THE GAME OF NO-PRESS DIPLOMACY VIA HUMAN-REGULARIZED	REINFORCEMENT LEARNING AND PLANNING},
	journal = {ArXiv},
	year = {2022},
}

@Article{Perolat2022,
	author = {Julien Perolat and Bart de Vylder and Daniel Hennes and Eugene Tarassov and Florian Strub and Vincent de Boer and Paul Muller and Jerome T. Connor and Neil Burch and Thomas Anthony and Stephen McAleer and Romuald Elie and Sarah H. Cen and Zhe Wang and  Audrunas Gruslys and Aleksandra Malysheva and Mina Khan and Sherjil Ozair and Finbarr Timbers and Toby Pohlen and Tom Eccles and Mark Rowland and Marc Lanctot and Jean-Baptiste Lespiau and Bilal Piot and Shayegan Omidshafiei and Edward Lockhart and Laurent Sifre and Nathalie Beauguerlange and Remi Munos and David Silver and Satinder Singh and Demis Hassabis and Karl Tuyls},
	title = {Mastering the Game of Stratego with Model-Free Multiagent Reinforcement Learning},
	journal = {ArXiv},
	year = {2022},
}

@Article{Pretorius2021,
	author = {Arnu Pretorius and Kale-ab Tessera and Andries P. Smit and Claude Formanek and St John Grimbly and Kevin Eloff and Siphelele Danisa and Lawrence Francis and Jonathan Shock and Herman Kamper and Willie Brink and Herman Engelbrecht and Alexandre Laterre and Karim Beguir},
	title = {Mava: a research framework for distributed multi-agent reinforcement learning},
	journal = {ArXiv},
	year = {2021},
}

@Article{Gu2022,
	author = {Haotian Gu and Xin Guo and Xiaoli Wei and Renyuan Xu},
	title = {Mean-Field Multi-Agent Reinforcement Learning: A Decentralized Network Approach},
	journal = {ArXiv},
	year = {2022},
}

@Article{Maskin2008,
	author = {Eric S. Maskin},
	title = {Mechanism Design How to Implement Social Goals},
	journal = {American Economic Review},
	year = {2008},
}

@Article{Nobel2007,
	author = {Compiled by the Prize Committee of the Royal Swedish Academy of Sciences},
	title = {Mechanism Design Theory},
	journal = {Scientific background on the Sveriges Riksbank Prize in Economic Sciences in Memory of Alfred Nobel 2007},
	year = {2007},
}

@Article{Agapiou2023,
	author = {John P. Agapiou and Alexander Sasha Vezhnevets and Edgar A. Duéñez-Guzmán and Jayd Matyas and Yiran Mao and Peter Sunehag and Raphael Köster and Udari Madhushani and Kavya Kopparapu and Ramona Comanescu and DJ Strouse and Michael B. Johanson and Sukhdeep Singh and Julia Haas and Igor Mordatch and Dean Mobbs and and Joel Z. Leibo},
	title = {Melting Pot 2.0},
	journal = {ArXiv},
	year = {2023},
}

@Article{Banerjee2023,
	author = {Arundhati Banerjee and Soham Phade and Stefano Ermon and Stephan Zheng},
	title = {MERMAIDE: Learning to Align Learners using Model-Based Meta-Learning},
	journal = {ArXiv},
	year = {2023},
}

@Article{Koster2020,
	author = {Raphael Köster and Kevin R. McKee and Richard Everett and Laura Weidinger and William S. Isaac and Edward Hughes and Edgar A. Duéñez-Guzmán and Thore Graepel and Matthew Botvinick and Joel Z. Leibo},
	title = {Model-free conventions in multi-agent reinforcement learning with heterogeneous preferences},
	journal = {DeepMind},
	year = {2020},
}

@Article{Bakker2021,
	author = {Michiel A. Bakker and Richard Everett and Laura Weidinger and Iason Gabriel and William S. Isaac and Joel Z. Leibo and Edward Hughes},
	title = {Modelling Cooperation in Network Games with Spatio-Temporal Complexity},
	journal = {ArXiv},
	year = {2021},
}

@Article{Crockett2013,
	author = {Molly J. Crockett},
	title = {Models of morality},
	journal = {Trends in Cognitive Sciences},
	year = {2013},
}

@Article{Orr2023,
	author = {James Orr and Ayan Dutta},
	title = {Multi-Agent Deep Reinforcement Learning for Multi-Robot Applications: A Survey},
	journal = {Sensors},
	year = {2023},
}

@Article{Shoham2003,
	author = {Yoav Shoham and Rob Powers and Trond Grenager},
	title = {Multi-Agent Reinforcement Learning: a critical survey},
	journal = {ArXiv},
	year = {2003},
}

@Article{Canese2021,
	author = {Lorenzo Canese and Gian Carlo Cardarilli and Luca Di Nunzio and Rocco Fazzolari and Daniele Giardino and Marco Re and Sergio Spanò},
	title = {Multi-Agent Reinforcement Learning: A Review of Challenges and Applications},
	journal = {Applied Sciences},
	year = {2021},
}

@Article{Zhang2021,
	author = {Kaiqing Zhang and Zhuoran Yang and Tamer Basar},
	title = {Multi-Agent Reinforcement Learning: A Selective Overview of Theories and Algorithms},
	journal = {ArXiv},
	year = {2021},
}

@Article{Busoniu2008b,
	author = {Lucian Busoniu and Robert Babuska and Bart De Schutter},
	title = {Multi-Agent Reinforcement Learning: An Overview},
	journal = {ArXiv},
	year = {2008},
}

@Article{Moulin-Frier2020,
	author = {Clement Moulin-Frier and Pierre-Yves Oudeyer},
	title = {Multi-Agent Reinforcement Learning as a Computational Tool for Language Evolution Research: Historical Context and Future Challenges},
	journal = {ArXiv},
	year = {2020},
}

@Article{Bab2008,
	author = {Avraham Bab and Ronen I. Brafman},
	title = {Multi-Agent Reinforcement Learning in Common Interest and Fixed Sum Stochastic Games: An Experimental Study},
	journal = {Journal of Machine Learning Research},
	year = {2008},
}

@Article{Leibo2017,
	author = {Joel Z. Leibo and Vinicius Zambaldi and Marc Lanctot and Janusz Marecki and Thore Graepel},
	title = {Multi-agent Reinforcement Learning in Sequential Social Dilemmas},
	journal = {International Conference on Autonomous Agents and Multiagent Systems},
	year = {2017},
}

@Article{Krupnik2019,
	author = {Orr Krupnik and Igor Mordatch and Aviv Tamar},
	title = {Multi-Agent Reinforcement Learning with Multi-Step Generative Models},
	journal = {Conference on Robot Learning},
	year = {2019},
}

@Article{Radulescu2019,
	author = {Roxana Radulescu and Patrick Mannion and Diederik M. Roijers and Ann Nowe},
	title = {Multi-Objective Multi-Agent Decision Making: A Utility-based Analysis and Survey},
	journal = {ArXiv},
	year = {2019},
}

@Article{Gronauer2021,
	author = {Sven Gronauer and Klaus Diepold},
	title = {Multi‐agent deep reinforcement learning: a survey},
	journal = {Artificial Intelligence Review},
	year = {2021},
}

@Article{Tuyls2012,
	author = {Karl Tuyls and Gerhard Weiss},
	title = {Multiagent Learning: Basics, Challenges, and Prospects},
	journal = {AI Magazine},
	year = {2012},
}

@Article{Yang2004,
	author = {Erfu Yang and Dongbing Gu},
	title = {Multiagent Reinforcement Learning for Multi-Robot Systems: A Survey},
	journal = {ArXiv},
	year = {2004},
}

@Article{Wilson2023,
	author = {David Sloan Wilson and Guru Madhavan and Michele J. Gelfand and Steven C. Hayes and Paul W. B. Atkins and Rita R. Colwell},
	title = {Multilevel cultural evolution: From new theory to practical applications},
	journal = {PNAS},
	year = {2023},
}

@Article{Wilson2022,
	author = {Konstantin Volzhenin and Jean-Pierre Changeux and Guillaume Dumas},
	title = {Multilevel development of cognitive abilities in an artificial neural network},
	journal = {PNAS},
	year = {2022},
}

@Article{Ohmer2022,
	author = {Xenia Ohmer and Michael Marino and Michael Franke and Peter Konig},
	title = {Mutual influence between language and perception in multi-agent communication games},
	journal = {PLOS Computational Biology},
	year = {2022},
}

@Article{Kramár2022,
	author = {János Kramár and Tom Eccles and Ian Gemp and Andrea Tacchetti and Kevin R. McKee and Mateusz Malinowski and Thore Graepel and Yoram Bachrach},
	title = {Negotiation and honesty in artificial intelligence methods for the board game of Diplomacy},
	journal = {Nature Communications},
	year = {2022},
}

@Article{Acemoglu2022a,
	author = {Daron Acemoglu and James Robinson},
	title = {Non-Modernization: Power–Culture Trajectories and the Dynamics of Political Institutions},
	journal = {Annual Review of Political Science},
	year = {2022},
}

@Article{Fehr2018,
	author = {Ernst Fehr and Ivo Schurtenberger},
	title = {Normative foundations of human cooperation},
	journal = {Nature Human Behaviour},
	year = {2018},
}

@Article{Bialek2022,
	author = {William Bialek},
	title = {On the dimensionality of behavior},
	journal = {PNAS},
	year = {2022},
}

@Article{Konidaris2019,
	author = {George Konidaris},
	title = {On the necessity of abstraction},
	journal = {Current Opinion in Behavioral Sciences},
	year = {2019},
}

@Article{Haushofer2014,
	author = {Johannes Haushofer and Ernst Fehr},
	title = {On the psychology of poverty},
	journal = {Science},
	year = {2014},
}

@Article{Hinterlang2021,
	author = {Natascha Hinterlang and Alina Tanzer},
	title = {Optimal monetary policy using reinforcement learning},
	journal = {Deutsche Bundesbank},
	year = {2021},
}

@Article{Guo2022,
	author = {Xin Guo and Anran Hu and Jiacheng Zhang},
	title = {Optimization frameworks and sensitivity analysis of Stackelberg mean-field games},
	journal = {ArXiv},
	year = {2022},
}

@Article{Gerstgrasser2022,
	author = {Matthias Gerstgrasser and David C. Parkes},
	title = {Oracles & Followers Stackelberg Equilibria in Deep Multi-Agent Reinforcement Learning},
	journal = {ArXiv},
	year = {2022},
}

@Article{Ho2022,
	author = {Mark K. Ho and David Abel and Carlos G. Correa and Michael L. Littman and Jonathan D. Cohen and Thomas L. Griffith},
	title = {People construct simplified mental representations to plan},
	journal = {Nature},
	year = {2022},
}

@Article{Sawicki2023,
	author = {Jakub Sawicki and Rico Berner and Sarah A. M. Loos and Mehrnaz Anvari and Rolf Bader and Wolfram Barfuss and Nicola Botta and Nuria Brede and Igor Franović and Daniel J. Gauthier and Sebastian Goldt and Aida Hajizadeh and Philipp Hövel and Omer Karin and Philipp Lorenz-Spreen and Christoph Miehl and Jan Mölter and Simona Olmi and Eckehard Schöll and Alireza Seif and Peter A. Tass and Giovanni Volpe and Serhiy Yanchuk and Jürgen Kurths},
	title = {Perspectives on adaptive dynamical systems},
	journal = {ArXiv},
	year = {2023},
}

@Article{Ardon2023,
	author = {Leo Ardon and Jared Vann and Deepeka Garg and Thomas Spooner and Sumitra Ganesh},
	title = {Phantom - A RL-driven multi-agent framework to model complex systems},
	journal = {ArXiv},
	year = {2023},
}

@Article{Mattar2021,
	author = {Marcelo G. Mattar and Mate ́Lengyel},
	title = {Planning in the brain},
	journal = {Neuron},
	year = {2021},
}

@Article{Acemoglu2013,
	author = {Daron Acemoglu and Georgy Egorovb and Konstantin Soninc},
	title = {Political Economy in a Changing World},
	journal = {Preprint},
	year = {2013},
}

@Article{Acemoglu2011,
	author = {Daron Acemoglu and Georgy Egorovb and Konstantin Soninc},
	title = {Political model of social evolution},
	journal = {PNAS},
	year = {2011},
}

@Article{Mani2013,
	author = {Anandi Mani and Sendhil Mullainathan and Eldar Shafir and Jiaying Zhao},
	title = {Poverty Impedes Cognitive Function},
	journal = {Science},
	year = {2013},
}

@Article{Mobbs2021,
	author = {Dean Mobbs and Toby Wise and Nanthia Suthana and Noah Guzman and Nikolaus Kriegeskorte and Joel Z. Leibo},
	title = {Promises and challenges of human computational ethology},
	journal = {Neuron},
	year = {2021},
}

@Article{Tilbury2023,
	author = {Callum Rhys Tilbury},
	title = {Reinforcement Learning for Economic Policy: A New Frontier?},
	journal = {ArXiv},
	year = {2023},
}

@Article{Yang2021,
	author = {Xudong Yang},
	title = {Reinforcement Learning for Multi-Robot System: A Review},
	journal = {International Conference on Computing and Data Science},
	year = {2021},
}

@Article{Charpentier2020,
	author = {Arthur Charpentier and Romuald Elie and Carl Remlinger},
	title = {Reinforcement Learning in Economics and Finance},
	journal = {ArXiv},
	year = {2020},
}

@Article{Brero2021,
	author = {Gianluca Brero and Alon Eden and Matthias Gerstgrasser and David Parkes and Duncan Rheingans-Yoo},
	title = {Reinforcement Learning of Sequential Price Mechanisms},
	journal = {AAAI},
	year = {2021},
}

@Article{Shalev-Shwartz2016,
	author = {Shai Shalev-Shwartz and Shaked Shammah and Amnon Shashua},
	title = {Safe, Multi-Agent, Reinforcement Learning for Autonomous Driving},
	journal = {ArXiv},
	year = {2016},
}

@Article{Bai2021,
	author = {Yu Bai and Chi Jin and Huan Wang and Caiming Xiong},
	title = {Sample-Efficient Learning of Stackelberg Equilibria in General-Sum Games},
	journal = {NeurIPS},
	year = {2021},
}

@Article{McKee2023,
	author = {Kevin R. McKee and Andrea Tacchetti and Michiel A. Bakker and Jan Balaguer and Lucy Campbell-Gillingham and Richard Everett and Matthew Botvinick},
	title = {Scaffolding cooperation in human groups with deep reinforcement learning},
	journal = {Nature Human Behaviour},
	year = {2023},
}

@Article{Leibo2021,
	author = {Joel Z. Leibo and Edgar Duenez-Guzman and Alexander Sasha Vezhnevets and John P. Agapiou, Peter Sunehag Raphael Koster and Jayd Matyas and Charles Beattie and Igor Mordatch and Thore Graepel},
	title = {Scalable Evaluation of Multi-Agent Reinforcement Learning with Melting Pot},
	journal = {ICML},
	year = {2021},
}

@Article{Wang2023,
	author = {Hanchen Wang and Tianfan Fu and Yuanqi Du and Wenhao Gao and Kexin Huang and Ziming Liu and Payal Chandak and Shengchao Liu and Peter Van Katwyk and Andreea Deac and Anima Anandkumar and Karianne Bergen and Carla P. Gomes and Shirley Ho and Pushmeet Kohli and Joan Lasenby and Jure Leskovec and Tie-Yan Liu and Arjun Manrai and Debora Marks and Bharath Ramsundar and Le Song and Jimeng Sun and Jian Tang and Petar Veličković and Max Welling and Linfeng Zhang and Connor W. Coley and Yoshua Bengio and Marinka Zitnik},
	title = {Scientific discovery in the age of artificial intelligence},
	journal = {Nature},
	year = {2023},
}

@Article{Wu2022b,
	author = {Jibang Wu and Zixuan Zhang and Zhe Feng and Zhaoran Wang and Zhuoran Yang and Michael I. Jordan and Haifeng Xu},
	title = {Sequential Information Design: Markov Persuasion Process and Its Efficient Reinforcement Learning},
	journal = {ArXiv},
	year = {2022},
}

@Article{Lavin2022,
	author = {Alexander Lavin and David Krakauer and Hector Zenil and Justin Gottschlich and Tim Mattson and Kamil Rocki and Anima Anandkumar and Sanjay Choudry and Johann Brehmer and Atılım Günes Baydin and Carina Prunkl and Brooks Paige and Olexandr Isayev and Erik J. Peterson and Peter L. McMahon and Jakob H. Macke and Kyle Cranmer and Jiaxin Zhang and Haruko Wainwright and Adi Hanuka and Samuel Assefa and Stephan Zheng and Manuela Veloso and Avi Pfeffer},
	title = {SIMULATION INTELLIGENCE: TOWARDS A NEW GENERATION OF SCIENTIFIC METHODS},
	journal = {ArXiv},
	year = {2022},
}

@Article{Hauser2019,
	author = {Oliver P. Hauser and Christian Hilbe and Krishnendu Chatterjee and Martin A. Nowak},
	title = {Social dilemmas among unequals},
	journal = {Nature},
	year = {2019},
}

@Article{Acemoglu2016,
	author = {Daron Acemoglu and Georgy Egorov and Konstantin Sonin},
	title = {Social Mobility and Stability of Democracy Re-evaluating De Tocqueville},
	journal = {Preprint},
	year = {2016},
}

@Article{Santos2018,
	author = {Fernando P. Santos and Francisco C. Santos and Jorge M. Pacheco},
	title = {Social norm complexity and past reputations in the evolution of cooperation},
	journal = {Nature},
	year = {2018},
}

@Article{Mu2022,
	author = {Tong Mu and Stephan Zheng and Alexander Trott},
	title = {Solving Dynamic Principal-Agent Problems with a Rationally Inattentive Principal},
	journal = {ArXiv},
	year = {2022},
}

@Article{Hill2021,
	author = {Edward Hill and Marco Bardoscia and Arthur Turrell},
	title = {Solving Heterogeneous General Equilibrium Economic Models with Deep Reinforcement Learning},
	journal = {ArXiv},
	year = {2021},
}

@Article{Shah2012,
	author = {Anuj K. Shah and Sendhil Mullainathan and Eldar Shafir},
	title = {Some Consequences of Having Too Little},
	journal = {Science},
	year = {2012},
}

@Article{Koster2022b,
	author = {Raphael Köster and Dylan Hadfield-Menell and Richard Everett and Laura Weidinger and Gillian K. Hadfield and Joel Z. Leibo},
	title = {Spurious normativity enhances learning of compliance and enforcement behavior in artificial agents},
	journal = {PNAS},
	year = {2022},
}

@Article{Lussange2019,
	author = {Johann Lussange and Sacha Bourgeois-Gironde and Stefano Palminteri and Boris Gutkin},
	title = {Stock price formation: useful insights from a multi-agent reinforcement learning model},
	journal = {ArXiv},
	year = {2019},
}

@Article{Legaspi2019,
	author = {Roberto Legaspi and Zhengqi He and Taro Toyoizumi},
	title = {Synthetic agency: sense of agency in artificial intelligence},
	journal = {Current Opinion in Behavioral Sciences},
	year = {2019},
}

@Article{Machado2021,
	author = {Marlos C. Machado and Andre Barreto and Doina Precup},
	title = {Temporal Abstraction in Reinforcement Learning with the Successor Representation},
	journal = {ArXiv},
	year = {2021},
}

@Article{Zheng2022,
	author = {Stephan Zheng and Alexander Trott and Sunil Srinivasa and David C. Parkes and Richard Socher},
	title = {The AI Economist: Taxation policy design via two-level deep multiagent reinforcement learning},
	journal = {Science Advances},
	year = {2022},
}

@Article{Sutton2022,
	author = {Richard S. Sutton and Michael Bowling and Patrick M. Pilarski},
	title = {The Alberta Plan for AI Research},
	journal = {ArXiv},
	year = {2022},
}

@Article{Greene2013,
	author = {Joshua D. Greene},
	title = {The Cognitive Neuroscience of Moral Judgment and Decision Making},
	journal = {Preprint},
	year = {2013},
}

@Article{Watson2023,
	author = {Richard Watson and Michael Levin},
	title = {The collective intelligence of evolution and development},
	journal = {Collective Intelligence},
	year = {2023},
}

@Article{McAuliffe2017,
	author = {Katherine McAuliffe and Peter R. Blake and Nikolaus Steinbeis and Felix Warneken},
	title = {The developmental foundations of human fairness},
	journal = {Nature Human Behaviour},
	year = {2017},
}

@Article{Ho2020,
	author = {Mark K. Ho and David Abel and Jonathan D. Cohen and Michael L. Littman and Thomas L. Griffiths},
	title = {The Efficiency of Human Cognition Reflects Planned Information Processing},
	journal = {ArXiv},
	year = {2020},
}

@Article{Gross2023,
	author = {Jörg Gross and Zsombor Z. Méder and Carsten K.W. De Dreu and Angelo Romano and Welmer E. Molenmaker and Laura C. Hoenig},
	title = {The evolution of universal cooperation},
	journal = {Science Advances},
	year = {2023},
}

@Article{Doerig2023,
	author = {Adrien Doerig and Rowan P. Sommers and Katja Seeliger and Blake Richards and Jenann Ismael and Grace W. Lindsay and Konrad P. Kording and Talia Konkle and Marcel A. J. van Gerven and Nikolaus Kriegeskorte and Tim C. Kietzmann},
	title = {The neuroconnectionist research programme},
	journal = {Nature Reviews Neuroscience},
	year = {2023},
}

@Article{Henrich2021,
	author = {Joseph Henrich and Michael Muthukrishna},
	title = {The Origins and Psychology of Human Cooperation},
	journal = {Annual Review of Psychology},
	year = {2021},
}

@Article{Reinecke2023,
	author = {Madeline G. Reinecke and Yiran Mao and Markus Kunesch and Edgar A. Duéñez-Guzmán and Julia Haas and Joel Z. Leibo},
	title = {The Puzzle of Evaluating Moral Cognition in Artificial Agents},
	journal = {Cognitive Science},
	year = {2023},
}

@Article{Ho2019,
	author = {Mark K. Ho and David Abel and Thomas L. Griffiths and Michael L. Littman},
	title = {The value of abstraction},
	journal = {Current Opinion in Behavioral Sciences},
	year = {2019},
}

@Article{Baker2022,
	author = {Ben Baker and Benjamin Lansdell and Konrad P. Kording},
	title = {Three aspects of representation in neuroscience},
	journal = {Trends in Cognitive Sciences},
	year = {2022},
}

@Article{Marblestone2016,
	author = {Adam H. Marblestone and Greg Wayne and Konrad P. Kording},
	title = {Toward an Integration of Deep Learning and Neuroscience},
	journal = {Frontiers in Computational Neuroscience},
	year = {2016},
}

@Article{Schölkopf2021,
	author = {Bernhard Schölkopf and Francesco Locatello and Stefan Bauer and Nan Rosemary Ke and Nal Kalchbrenner and Anirudh Goyal and Yoshua Bengio},
	title = {Toward Causal Representation Learning},
	journal = {Proceedings of the IEEE},
	year = {2021},
}

@Article{Astle2023,
	author = {Duncan E. Astle and Mark H. Johnson and Danyal Akarca},
	title = {Toward computational neuroconstructivism: a framework for developmental systems neuroscience},
	journal = {Trends in Cognitive Sciences},
	year = {2023},
}

@Article{Tieleman2022,
	author = {Sebastiaan Tieleman},
	title = {Towards a Validation Methodology for Macroeconomic Agent-Based Models},
	journal = {Computational Economics},
	year = {2022},
}

@Article{Rosseau2022,
	author = {Andries Rosseau and Raphae ̈l Avalos and Ann Nowe},
	title = {Towards Evolutionary Autocurricula: Emergent Sociality from Inclusive Rewards},
	journal = {ICLR},
	year = {2022},
}

@Article{Vadori2022,
	author = {Nelson Vadori and Leo Ardon and Sumitra Ganesh and Thomas Spooner and Selim Amrouni and Jared Vann and Mengda Xu and Zeyu Zheng and Tucker Balch and Manuela Veloso},
	title = {Towards Multi-Agent Reinforcement Learning driven Over-The-Counter Market Simulations},
	journal = {ArXiv},
	year = {2022},
}

@Article{Karch2023,
	author = {Tristan Karch},
	title = {Towards Social Autotelic Artificial Agents},
	journal = {PhD thesis of the graduate school of mathematics and computer Science at University of Bordeaux},
	year = {2023},
}

@Article{Acemoglu2022b,
	author = {Daron Acemoglu and James A. Robinson},
	title = {Weak, Despotic, or Inclusive? How State Type Emerges from State versus Civil Society Competition?},
	journal = {American Political Science Review},
	year = {2022},
}

@Article{Liu2022,
	author = {Zhihan Liu and Miao Lu and Zhaoran Wang and Michael I. Jordan and Zhuoran Yang},
	title = {Welfare Maximization in Competitive Equilibrium: Reinforcement Learning for Markov Exchange Economy},
	journal = {PMLR},
	year = {2022},
}

@Article{Lillicrap2019,
	author = {Timothy P. Lillicrap and Konrad P. Kording},
	title = {What does it mean to understand a neural network?},
	journal = {ArXiv},
	year = {2019},
}

@Article{Starmans2017,
	author = {Christina Starmans and Mark Sheskin and Paul Bloom},
	title = {Why people prefer unequal societies},
	journal = {Nature Human Behaviour},
	year = {2017},
}

@Article{Dizaji2023a,
	author = {Aslan S. Dizaji},
	title = {A Multi-agent Reinforcement Learning Study of Libertarian and Utilitarian Governing Systems},
	journal = {ArXiv},
	year = {2023},
}

@Article{Dizaji2023b,
	author = {Aslan S. Dizaji},
	title = {A Multi-agent Reinforcement Learning Study of Emergence of Social Classes out of Arbitrary Governance: The Role of Environment},
	journal = {ArXiv},
	year = {2023},
}

@Article{Camerer2003,
	author = {Colin F. Camerer},
	title = {Behavioral Game Theory: Experiments in Strategic Interaction},
	journal = {Book},
	year = {2003},
}

@Article{Piketty2014,
	author = {Thomas Piketty},
	title = {Capital in the Twenty-First Century},
	journal = {Book},
	year = {2014},
}

@Article{Pearl2009,
	author = {Judea Pearl},
	title = {Causality: Models, Reasoning, and Inference},
	journal = {Book},
	year = {2009},
}

@Article{Sen2017,
	author = {Amartya Sen},
	title = {Collective Choice and Social Welfare},
	journal = {Book},
	year = {2017},
}

@Article{Tadelis2013,
	author = {Steven Tadelis},
	title = {Game Theory: An Introduction},
	journal = {Book},
	year = {2013},
}

@Article{Katouzian2003,
	author = {Homa Katouzian},
	title = {Iranian History and Politics: The dialectic of state and society},
	journal = {Book},
	year = {2003},
}

@Article{Albrecht2023,
	author = {Stefano V. Albrecht and Filippos Christianos and Lukas Schäfer},
	title = {Multi-Agent Reinforcement Learning Foundations and Modern Approaches},
	journal = {Book},
	year = {2023},
}

@Article{Shoham2009,
	author = {Yoav Shoham and Kevin Leyton-Brown},
	title = {Multi-agent Systems: Algorithmic, Game-Theoretic, and Logical Foundations},
	journal = {Book},
	year = {2009},
}

@Article{Sutton2018,
	author = {Richard S. Sutton and Andrew G. Barto},
	title = {Reinforcement Learning: An Introduction},
	journal = {Book},
	year = {2018},
}

@Article{Acemoglu2012,
	author = {Daron Acemoglu and James A. Robinson},
	title = {Why Nations Fail},
	journal = {Book},
	year = {2012},
}