@book{adams1995hitchhiker,
  title={The Hitchhiker's Guide to the Galaxy},
  author={Adams, D.},
  isbn={9781417642595},
  url={http://books.google.com/books?id=W-xMPgAACAAJ},
  year={1995},
  publisher={San Val}
}
@book{v2017taking,
 title={Taking Back Philosophy: A Multicultural Manifesto},
 author={Van Norden, B},
 year={2017},
 publisher={Columbia University Press}
}

@book{ahmed2012on,
 title={On Being Included: Racism and Diversity in Institutional Life},
 author={Ahmed, S},
 year={2012},
 publisher={Duke University Press}
 
}

@book{noddinge2013caring,
 title={Caring: A Relational Approach to Ethics and Moral Education},
 author={Noddings, N},
 year={2013},
 publisher={University of California Press}
 
}
 
@book{h1984feminist,
 title={Feminist Theory: From Margin to Center},
 author={hooks, bell},
 year={1984},
 publisher={Routledge}
 
}

@book{o2016weapons,
  title={Weapons of math destruction: How big data increases inequality and threatens democracy},
  author={O'Neil, Cathy},
  year={2016},
  publisher={Broadway Books}
}

@book{di2018linguistic,
  title={Linguistic bodies: The continuity between life and language},
  author={Di Paolo, Ezequiel A and Cuffari, Elena Clare and De Jaegher, Hanne},
  year={2018},
  publisher={MIT Press}
}

@book{holquist2003dialogism,
  title={Dialogism: Bakhtin and his world},
  author={Holquist, Michael},
  year={2003},
  publisher={Routledge}
}

@article{ajunwa2016hiring,
  title={Hiring by algorithm: predicting and preventing disparate impact},
  author={Ajunwa, Ifeoma and Friedler, Sorelle and Scheidegger, Carlos E and Venkatasubramanian, Suresh},
  journal={Available at SSRN},
  year={2016}
}

@article{ananny2018seeing,
  title={Seeing without knowing: Limitations of the transparency ideal and its application to algorithmic accountability},
  author={Ananny, Mike and Crawford, Kate},
  journal={new media \& society},
  volume={20},
  number={3},
  pages={973--989},
  year={2018},
  publisher={SAGE Publications Sage UK: London, England}
}

@article{caliskan2017semantics,
  title={Semantics derived automatically from language corpora contain human-like biases},
  author={Caliskan, Aylin and Bryson, Joanna J and Narayanan, Arvind},
  journal={Science},
  volume={356},
  number={6334},
  pages={183--186},
  year={2017},
  publisher={American Association for the Advancement of Science}
}

@book{zuboff2019age,
  title={The age of surveillance capitalism: The fight for a human future at the new frontier of power},
  author={Zuboff, Shoshana},
  year={2019},
  publisher={Profile Books}
}

@book{cheney2018we,
  title={We are data: Algorithms and the making of our digital selves},
  author={Cheney-Lippold, John},
  year={2018},
  publisher={NYU Press}
}

@article{wilson2019predictive,
  title={Predictive inequity in object detection},
  author={Wilson, Benjamin and Hoffman, Judy and Morgenstern, Jamie},
  journal={arXiv preprint arXiv:1902.11097},
  year={2019}
}

@article{richardson2019dirty,
  title={Dirty Data, Bad Predictions: How Civil Rights Violations Impact Police Data, Predictive Policing Systems, and Justice},
  author={Richardson, Rashida and Schultz, Jason and Crawford, Kate},
  journal={New York University Law Review Online, Forthcoming},
  year={2019}
}

@article{lambrecht2019algorithmic,
  title={Algorithmic Bias? An Empirical Study of Apparent Gender-Based Discrimination in the Display of STEM Career Ads},
  author={Lambrecht, Anja and Tucker, Catherine},
  journal={Management Science},
  year={2019},
  publisher={INFORMS}
}

@article{angwin2016machine,
  title={Machine bias},
  author={Angwin, Julia and Larson, Jeff and Mattu, Surya and Kirchner, Lauren},
  journal={ProPublica, May},
  volume={23},
  pages={2016},
  year={2016}
}

@article{introna2000shaping,
  title={Shaping the Web: Why the politics of search engines matters},
  author={Introna, Lucas D and Nissenbaum, Helen},
  journal={The information society},
  volume={16},
  number={3},
  pages={169--185},
  year={2000},
  publisher={Taylor \& Francis}
}

@article{li1994,
 title={The Confucian Concept of Jen and the Feminist Ethic of Care: A Comparative Study},
 author={Li, Chenyang},
 journal={Hypatia: A Journal of Feminist Philosophy},
 volume={9},
 number={1},
 pages={70–89},
 year={1994},
 publisher={Cambridge University Press}
}

@article{ferryman2018fairness,
  title={Fairness in precision medicine},
  author={Ferryman, Kadija and Pitcan, Mikaela},
  journal={Data \& Society},
  year={2018}
}

@article{mcquillan2018data,
  title={Data science as machinic neoplatonism},
  author={McQuillan, Dan},
  journal={Philosophy \& Technology},
  volume={31},
  number={2},
  pages={253--272},
  year={2018},
  publisher={Springer}
}

@inproceedings{gonen2019lipstick,
  title={Lipstick on a Pig: Debiasing Methods Cover up Systematic Gender Biases in Word Embeddings But do not Remove Them},
  author={Gonen, Hila and Goldberg, Yoav},
  booktitle={Proceedings of the 2019 Conference of the North American Chapter of the Association for Computational Linguistics: Human Language Technologies, Volume 1 (Long and Short Papers)},
  pages={609--614},
  year={2019}
}

@book{bowker2000sorting,
  title={Sorting things out: Classification and its consequences},
  author={Bowker, Geoffrey C and Star, Susan Leigh},
  year={2000},
  publisher={MIT press}
}

@article{fletcher2018diversity,
  title={Diversity computing},
  author={Fletcher-Watson, Sue and De Jaegher, Hanne and van Dijk, Jelle and Frauenberger, Christopher and Magn{\'e}e, Maurice and Ye, Juan},
  journal={interactions},
  volume={25},
  number={5},
  pages={28--33},
  year={2018},
  publisher={ACM}
}

@incollection{verbeek2008morality,
  title={Morality in design: Design ethics and the morality of technological artifacts},
  author={Verbeek, Peter-Paul},
  booktitle={Philosophy and design},
  pages={91--103},
  year={2008},
  publisher={Springer}
}

@book{benjamin2019race,
  title={Race after technology: Abolitionist tools for the new jim code},
  author={Benjamin, Ruha},
  year={2019},
  publisher={John Wiley \& Sons}
}

@inproceedings{selbst2019fairness,
  title={Fairness and abstraction in sociotechnical systems},
  author={Selbst, Andrew D and Boyd, Danah and Friedler, Sorelle A and Venkatasubramanian, Suresh and Vertesi, Janet},
  booktitle={Proceedings of the Proceedings of the 2019 Conference on Fairness, Accountability, and Transparency},
  pages={59-68},
  year={2019},
  address = {Atlanta, GA, USA}
} 

@inproceedings{buolamwini2018genderold,
  title={Gender Shades: Intersectional Accuracy Disparities in Commercial Gender Classification},
  author={Buolamwini, Joy and Gebru, Timnit},
  booktitle={Conference on fairness, accountability and transparency},
  pages={77--91},
  address = {New York, NY, USA},
  year={2018}
}

@inproceedings{buolamwini2018gender,
   author = {Buolamwini, J. and Gebru, T.},
   title = {Gender Shades: Intersectional Accuracy Disparities in Commercial Gender Classification},
   booktitle = {Proceedings of the 2018 Conference on Fairness, Accountability and Transparency},
   publisher = {PMLR},
   volume = {81},
   pages = {77-91},
   url = {http://proceedings.mlr.press},
   type = {Conference Proceedings}, 
   address = {New York, NY, USA},
   year={2018}
}

@book{eubanks2018automating,
  title={Automating inequality: How high-tech tools profile, police, and punish the poor},
  author={Eubanks, Virginia},
  year={2018},
  publisher={St. Martin's Press}
}

@book{noble2018algorithms,
  title={Algorithms of oppression: How search engines reinforce racism},
  author={Noble, Safiya Umoja},
  year={2018},
  publisher={NYU Press}
}

@book{morson1989rethinking,
  title={Rethinking Bakhtin: extensions and challenges},
  author={Morson, Gary Saul and Emerson, Caryl},
  year={1989},
  publisher={Northwestern University Press}
}


@book{von2002understanding,
  title={Understanding systems: Conversations on epistemology and ethics},
  author={Von Foerster, Heinz and P{\"o}rksen, Bernhard},
  year={2002},
  publisher={Kluwer Academic/Plenum Publishers New York}
}

@article{gardiner1996alterity,
  title={Alterity and ethics: A dialogical perspective},
  author={Gardiner, Michael},
  journal={Theory, Culture \& Society},
  volume={13},
  number={2},
  pages={121--143},
  year={1996},
  publisher={Sage Publications}
}

@book{markova2016dialogical,
  title={The dialogical mind: Common sense and ethics},
  author={Markov{\'a}, Ivana},
  year={2016},
  publisher={Cambridge University Press}
}

@article{de2019loving,
  title={Loving and knowing: Reflections for an engaged epistemology},
  author={De Jaegher, Hanne},
  journal={Phenomenology and the Cognitive Sciences},
  pages={1--24},
  year={2019},
  publisher={Springer}
}

@article{shotter2006vygotsky,
  title={Vygotsky, Bakhtin, Goethe: Consciousness and the dynamics of voice},
  author={Shotter, John},
  year={2006}
}

@article{juarrero2000dynamics,
  title={Dynamics in action: Intentional behavior as a complex system},
  author={Juarrero, Alicia},
  journal={Emergence},
  volume={2},
  number={2},
  pages={24--57},
  year={2000},
  publisher={Taylor \& Francis}
}

@article{daston2018calculation,
  title={Calculation and the division of labor, 1750-1950},
  author={Daston, Lorraine},
  journal={Bulletin of the German Historical Institute},
  volume={62},
  pages={9--30},
  year={2018}
}

@article{Wynter03,
   author = {Wynter, S.},
   title = {Unsettling the Coloniality of Being/Power/Truth/Freedom: Towards the Human, After Man, Its Overrepresentation - An Argument},
   journal = {CR: The New Centennial Review},
   volume = {3},
   number = {3},
   pages = {257-337},
   ISSN = {1532687X, 15396630},
   url = {http://www.jstor.org/stable/41949874},
   year = {2003},
   type = {Journal Article}
}

@article{DeJaegher,
  title={Can social interaction constitute social cognition?},
  author={De Jaegher, Hanne and Di Paolo, Ezequiel and Gallagher, Shaun},
  journal={Trends in cognitive sciences},
  volume={14},
  number={10},
  pages={441--447},
  year={2010},
  publisher={Elsevier}
}

@article{clark1998extended,
  title={The extended mind},
  author={Clark, Andy and Chalmers, David},
  journal={Analysis},
  volume={58},
  number={1},
  pages={7--19},
  year={1998},
  publisher={Wiley Online Library}
}

@book{ameshall2003,
 title={Dao De Jing—Making This Life Significant—A Philosophical Translation},
 author={Ames, Roger T. and David L. Hall},
 year={2003},
 publisher={Ballantine Books}
 
}

@book{vallor2016,
 title={Technology and the Virtues: A Philosophical Guide to a World Worth Wanting},
 author={Vallor, Shannon},
 year={2016},
 publisher={Oxford University Press}

}

@article{obermeyer2019dissecting,
  title={Dissecting racial bias in an algorithm used to manage the health of populations},
  author={Obermeyer, Ziad and Powers, Brian and Vogeli, Christine and Mullainathan, Sendhil},
  journal={Science},
  volume={366},
  number={6464},
  pages={447--453},
  year={2019},
  publisher={American Association for the Advancement of Science}
}

@article{ferryman2018fairness,
  title={Fairness in precision medicine},
  author={Ferryman, Kadija and Pitcan, Mikaela},
  journal={Data \& Society},
  year={2018}
}


@article{wu2016automated,
  title={Automated inference on criminality using face images},
  author={Wu, Xiaolin and Zhang, Xi},
  journal={arXiv preprint arXiv:1611.04135},
  pages={4038--4052},
  year={2016}
}

@article{ajunwa2016hiring,
  title={Hiring by algorithm: predicting and preventing disparate impact},
  author={Ajunwa, Ifeoma and Friedler, Sorelle and Scheidegger, Carlos E and Venkatasubramanian, Suresh},
  journal={Available at SSRN},
  year={2016}
}

@article{birhane2020robot,
  title={Robot Rights? Let's Talk about Human Welfare Instead},
  author={Birhane, Abeba and van Dijk, Jelle},
  journal={arXiv preprint arXiv:2001.05046},
  year={2020}
}

@book{barad2007meeting,
  title={Meeting the universe halfway: Quantum physics and the entanglement of matter and meaning},
  author={Barad, Karen},
  year={2007},
  publisher={Duke University Press}
}


@book{prigogine1984order,
  title={Order out of chaos: Man's new dialogue with nature},
  author={Prigogine, Ilya and Stengers, Isabelle},
  year={1984},
  publisher={Verso Books}
}


@article{gardiner1998incomparable,
  title={The incomparable monster of solipsism: Bakhtin and Merleau-Ponty},
  author={Gardiner, Michael},
  journal={Bakhtin and the human sciences. Sage, London},
  pages={128--144},
  year={1998}
}

@article{gallagher2014cruel,
  title={The cruel and unusual phenomenology of solitary confinement},
  author={Gallagher, Shaun},
  journal={Frontiers in Psychology},
  volume={5},
  pages={585},
  year={2014},
  publisher={Frontiers}
}

@book{guenther2013solitary,
  title={Solitary confinement: Social death and its afterlives},
  author={Guenther, Lisa},
  year={2013},
  publisher={U of Minnesota Press}
}

@article{wilson2019predictive,
  title={Predictive inequity in object detection},
  author={Wilson, Benjamin and Hoffman, Judy and Morgenstern, Jamie},
  journal={arXiv preprint arXiv:1902.11097},
  year={2019}
}

@article{georges2009self,
  title={Self-representation and digital identity},
  author={Georges, Fanny and Libbrecht, Elizabeth},
  journal={R{\'e}seaux},
  number={2},
  pages={165--193},
  year={2009},
  publisher={La D{\'e}couverte}
}

@book{cheney2018we,
  title={We are data: Algorithms and the making of our digital selves},
  author={Cheney-Lippold, John},
  year={2018},
  publisher={NYU Press}
}

@book{di2018linguistic,
  title={Linguistic bodies: The continuity between life and language},
  author={Di Paolo, Ezequiel A and Cuffari, Elena Clare and De Jaegher, Hanne},
  year={2018},
  publisher={MIT Press}
}

@book{chemero2011radical,
  title={Radical embodied cognitive science},
  author={Chemero, Anthony},
  year={2011},
  publisher={MIT press}
}

@book{varela2016embodied,
  title={The embodied mind: Cognitive science and human experience},
  author={Varela, Francisco J and Thompson, Evan and Rosch, Eleanor},
  year={2016},
  publisher={MIT press}
}

@article{kyselo2014body,
  title={The body social: An enactive approach to the self},
  author={Kyselo, Miriam},
  journal={Frontiers in Psychology},
  volume={5},
  pages={986},
  year={2014},
  publisher={Frontiers}
}

@article{de2007participatory,
  title={Participatory sense-making},
  author={De Jaegher, Hanne and Di Paolo, Ezequiel},
  journal={Phenomenology and the cognitive sciences},
  volume={6},
  number={4},
  pages={485--507},
  year={2007},
  publisher={Springer}
}

@book{jackson2012lifeworlds,
  title={Lifeworlds: Essays in existential anthropology},
  author={Jackson, Michael},
  year={2012},
  publisher={University of Chicago Press}
}

@article{miriam2016fragile,
  title={The Fragile Nature of the Social Mind: a commentary on Alva No{\"e}.},
  author={Miriam, Kyselo},
  year={2016}
}

@book{o2013doing,
  title={Doing data science: Straight talk from the frontline},
  author={O'Neil, Cathy and Schutt, Rachel},
  year={2013},
  publisher={" O'Reilly Media, Inc."}
}

@article{binns2017fairness,
  title={Fairness in machine learning: Lessons from political philosophy},
  author={Binns, Reuben},
  journal={arXiv preprint arXiv:1712.03586},
  year={2017}
}

@book{cilliers2002complexity,
  title={Complexity and postmodernism: Understanding complex systems},
  author={Cilliers, Paul},
  year={2002},
  publisher={Routledge}
}

@article{milano2020recommender,
  title={Recommender systems and their ethical challenges},
  author={Milano, Silvia and Taddeo, Mariarosaria and Floridi, Luciano},
  journal={AI \& SOCIETY},
  year={2020},
  publisher={Springer}
}

@article{madden2017privacy,
  title={Privacy, poverty, and Big Data: A matrix of vulnerabilities for poor Americans},
  author={Madden, Mary and Gilman, Michele and Levy, Karen and Marwick, Alice},
  journal={Wash. UL Rev.},
  volume={95},
  pages={53},
  year={2017},
  publisher={HeinOnline}
}

@article{perdomo2020performative,
  title={Performative Prediction},
  author={Perdomo, Juan C and Zrnic, Tijana and Mendler-D{\"u}nner, Celestine and Hardt, Moritz},
  journal={arXiv preprint arXiv:2002.06673},
  year={2020}
}


@article{mcquillan2018data,
  title={Data science as machinic neoplatonism},
  author={McQuillan, Dan},
  journal={Philosophy \& Technology},
  volume={31},
  number={2},
  pages={253--272},
  year={2018},
  publisher={Springer}
}

@book{linell2009rethinking,
  title={Rethinking language, mind, and world dialogically},
  author={Linell, Per},
  year={2009},
  publisher={IAP}
}

@book{cohen2018know,
  title={The know-it-alls: The rise of Silicon Valley as a political powerhouse and social wrecking ball},
  author={Cohen, Noam},
  year={2018},
  publisher={Oneworld Publications}
}

@book{descartes1984philosophical,
  title={The philosophical writings of Descartes},
  author={Descartes, Ren{\'e}},
  volume={2},
  year={1984},
  publisher={Cambridge University Press}
}


@inproceedings{sanchez2020does,
  title={What does it mean to 'solve' the problem of discrimination in hiring?: social, technical and legal perspectives from the UK on automated hiring systems},
  author={S{\'a}nchez-Monedero, Javier and Dencik, Lina and Edwards, Lilian},
  booktitle={Proceedings of the 2020 Conference on Fairness, Accountability, and Transparency},
  pages={458-468},
  year={2020}
}

@article{froese2011enactive,
  title={The enactive approach: Theoretical sketches from cell to society},
  author={Froese, Tom and Di Paolo, Ezequiel A},
  journal={Pragmatics \& Cognition},
  volume={19},
  number={1},
  pages={1--36},
  year={2011},
  publisher={John Benjamins}
}

@book{pasquale2015black,
  title={The black box society},
  author={Pasquale, Frank},
  year={2015},
  publisher={Harvard University Press}
}

@article{weiser1999computer,
  title={The computer for the 21st century},
  author={Weiser, Mark},
  journal={ACM SIGMOBILE mobile computing and communications review},
  volume={3},
  number={3},
  pages={3--11},
  year={1999},
  publisher={ACM New York, NY, USA}
}

@book{nagel1989view,
  title={The view from nowhere},
  author={Nagel, Thomas},
  year={1989},
  publisher={Oxford University Press}
}

@article{von2002metaphysics,
  title={The metaphysics of ethics: a conversation},
  author={von Foerster, Heinz and Poerksen, Bernhard},
  journal={Cybernetics \& Human Knowing},
  volume={9},
  number={3-4},
  pages={149--157},
  year={2002},
  publisher={Imprint Academic}
}

@book{maturana2004being,
  title={From being to doing: The origins of the biology of cognition},
  author={Maturana, Humberto R},
  year={2004},
  publisher={Karnac Books}
}

@book{negoita1992cybernetics,
  title={Cybernetics and applied systems},
  author={Negoita, Constantin Virgil and Glasersfeld, von Ernst},
  year={1992},
  publisher={CRC Press}
}

@inproceedings{speicher2018potential,
 title = {Potential for Discrimination in Online Targeted Advertising}, 
 author = {Till Speicher and Muhammad Ali and Giridhari Venkatadri and Filipe Nunes Ribeiro and George Arvanitakis and Fabrício Benevenuto and Krishna P. Gummadi and Patrick Loiseau and Alan Mislove}, 
 booktitle = {Proceedings of the 2018 Conference on Fairness, Accountability and Transparency}, 
 pages = {5-19}, 
 year = {2018}, volume = {81}, 
 address = {New York, NY, USA}, 
 publisher = {PMLR}, 
 url = {http://proceedings.mlr.press/v81}, 
 type = {Conference Proceedings}
}


@article{keyes2018misgendering,
  title={The misgendering machines: Trans/HCI implications of automatic gender recognition},
  author={Keyes, Os},
  journal={Proceedings of the ACM on Human-Computer Interaction},
  volume={2},
  number={CSCW},
  pages={1--22},
  year={2018},
  publisher={ACM New York, NY, USA}
}


@book{collins2002black,
  title={Black feminist thought: Knowledge, consciousness, and the politics of empowerment},
  author={Collins, Patricia Hill},
  year={2002},
  publisher={routledge}
}

@book{bowker2000sorting,
  title={Sorting things out: Classification and its consequences},
  author={Bowker, Geoffrey C and Star, Susan Leigh},
  year={2000},
  publisher={MIT press}
}

@article{birhane2021algorithmic,
  title={Algorithmic injustice: a relational ethics approach},
  author={Birhane, Abeba},
  journal={Patterns},
  volume={2},
  number={2},
  pages={100205},
  year={2021},
  publisher={Elsevier}
}


@book{suchman2007human,
  title={Human-machine reconfigurations: Plans and situated actions},
  author={Suchman, Lucy},
  year={2007},
  publisher={Cambridge university press}
}


@article{harris2011we,
  title={We remember, we forget: Collaborative remembering in older couples},
  author={Harris, Celia B and Keil, Paul G and Sutton, John and Barnier, Amanda J and McIlwain, Doris JF},
  journal={Discourse Processes},
  volume={48},
  number={4},
  pages={267--303},
  year={2011},
  publisher={Taylor \& Francis}
}

@article{salganik2020measuring,
  title={Measuring the predictability of life outcomes with a scientific mass collaboration},
  author={Salganik, Matthew J and Lundberg, Ian and Kindel, Alexander T and Ahearn, Caitlin E and Al-Ghoneim, Khaled and Almaatouq, Abdullah and Altschul, Drew M and Brand, Jennie E and Carnegie, Nicole Bohme and Compton, Ryan James and others},
  journal={Proceedings of the National Academy of Sciences},
  year={2020},
  publisher={National Acad Sciences}
}

@article{star2002infrastructure,
  title={Infrastructure and ethnographic practice: Working on the fringes},
  author={Star, Susan Leigh},
  journal={Scandinavian Journal of Information Systems},
  volume={14},
  number={2},
  pages={6},
  year={2002}
}

@article{fletcher2018diversity,
  title={Diversity computing},
  author={Fletcher-Watson, Sue and De Jaegher, Hanne and van Dijk, Jelle and Frauenberger, Christopher and Magn{\'e}e, Maurice and Ye, Juan},
  journal={interactions},
  volume={25},
  number={5},
  pages={28--33},
  year={2018},
  publisher={ACM New York, NY, USA}
}

@article{mcquillan2020non,
  title={Non-fascist AI},
  author={McQuillan, Dan},
  year={2020},
  publisher={SocArXiv}
}

@book{broussard2018artificial,
  title={Artificial unintelligence: How computers misunderstand the world},
  author={Broussard, Meredith},
  year={2018},
  publisher={MIT Press}
}

@article{ahmed2007phenomenology,
  title={A phenomenology of whiteness},
  author={Ahmed, Sara},
  journal={Feminist theory},
  volume={8},
  number={2},
  pages={149--168},
  year={2007},
  publisher={Sage Publications Sage UK: London, England}
}

@article{froese2019problem,
  title={The problem of meaning in AI and robotics: still with us after all these years},
  author={Froese, Tom and Taguchi, Shigeru},
  journal={Philosophies},
  volume={4},
  number={2},
  pages={14},
  year={2019},
  publisher={Multidisciplinary Digital Publishing Institute}
}

@article{boden1999metabolism,
  title={Is metabolism necessary?},
  author={Boden, Margaret A},
  journal={The British Journal for the Philosophy of Science},
  volume={50},
  number={2},
  pages={231--248},
  year={1999},
  publisher={Oxford University Press}
}

@article{froese2009enactive,
  title={Enactive artificial intelligence: Investigating the systemic organization of life and mind},
  author={Froese, Tom and Ziemke, Tom},
  journal={Artificial Intelligence},
  volume={173},
  number={3-4},
  pages={466--500},
  year={2009},
  publisher={Elsevier}
}

@article{anderson2003embodied,
  title={Embodied cognition: A field guide},
  author={Anderson, Michael L},
  journal={Artificial intelligence},
  volume={149},
  number={1},
  pages={91--130},
  year={2003},
  publisher={Elsevier}
}

@article{chrisley2003embodied,
  title={Embodied artificial intelligence},
  author={Chrisley, Ron},
  journal={Artificial intelligence},
  volume={149},
  number={1},
  pages={131--150},
  year={2003},
  publisher={Citeseer}
}

@book{langton1997artificial,
  title={Artificial life: An overview},
  author={Langton, Christopher G},
  year={1997},
  publisher={Mit Press}
}


@article{dreyfus2007heideggerian,
  title={Why Heideggerian AI failed and how fixing it would require making it more Heideggerian},
  author={Dreyfus, Hubert L},
  journal={Philosophical psychology},
  volume={20},
  number={2},
  pages={247--268},
  year={2007},
  publisher={Taylor \& Francis}
}

@article{birhane2020feb,
  title={Fair Warning: For as long as there has been AI research, there have been credible critiques about the risks of AI boosterism},
  author={Birhane, Abeba},
  journal={Real Life},
  year={2020}
}

@misc{Affectiva, title={AFFECTIVA HUMAN PERCEPTION AI ANALYZES COMPLEX HUMAN STATES}, url={https://www.affectiva.com/}, author={Affectiva},
journal = {Affectiva},
year={2020}} 

@misc{Qualtrics, title={Build technology that closes experience gaps}, url={https://www.qualtrics.com/uk/}, author={Qualtrics},
journal = {Qualtrics},
year={2020}}

@article{lum2016predict,
  title={To predict and serve?},
  author={Lum, Kristian and Isaac, William},
  journal={Significance},
  volume={13},
  number={5},
  pages={14--19},
  year={2016},
  publisher={Wiley Online Library}
}

@book{preiser2016critical,
  title={Critical complexity: collected essays},
  author={Preiser, Rika},
  volume={6},
  year={2016},
  publisher={Walter de Gruyter GmbH \& Co KG}
}


@article{doi:10.1098/rstl.1763.0053,
author = {Bayes, Thomas  and Price, Null },
title = {LII. An essay towards solving a problem in the doctrine of chances. By the late Rev. Mr. Bayes, F. R. S. communicated by Mr. Price, in a letter to John Canton, A. M. F. R. S},
journal = {Philosophical Transactions of the Royal Society of London},
volume = {53},
number = {},
pages = {370-418},
year = {1763},
doi = {10.1098/rstl.1763.0053},

URL = {https://royalsocietypublishing.org/doi/abs/10.1098/rstl.1763.0053},
eprint = {https://royalsocietypublishing.org/doi/pdf/10.1098/rstl.1763.0053}
,
    abstract = { Dear Sir, I Now send you an essay which I have found among the papers of our deceased friend Mr. Bayes, and which, in my opinion, has great merit, and well deserves to be preserved. }
}

@article{hahn2014bayesian,
  title={The Bayesian boom: good thing or bad?},
  author={Hahn, Ulrike},
  journal={Frontiers in psychology},
  volume={5},
  pages={765},
  year={2014},
  publisher={Frontiers}
}

@book{seth2014cybernetic,
  title={The cybernetic Bayesian brain},
  author={Seth, Anil K},
  year={2014},
  publisher={Open MIND. Frankfurt am Main: MIND Group}
  
}
@book{Fanon2008,
title={Black Skins, White Masks},
author={Fanon, Frantz},
year={2008},
publisher={Grove Press}
}

@book{DuBois1987,
title={W.E.B. DuBois : Writings : The Suppression of the African Slave-Trade / The Souls of Black Folk / Dusk of Dawn / Essays and Articles},
author={DuBois, William Edward Burghardt},
year={1985},
publisher={Library of America}
}

@book{wells2014,
title={The Light of Truth: Writings of an Anti-Lynching Crusader},
author={Wells-Barnett, Ida B.},
editor={Bay, Mia & Gates, Henry Louis},
year={2014},
publisher={Penguin Classics}
}
 
@misc{Bayes2016, title={Bayes's Theorem: What's the Big Deal?}, url={https://blogs.scientificamerican.com/cross-check/bayes-s-theorem-what-s-the-big-deal/}, author={John Horgan},
journal = {Scientific American},
year={2016}}

@article{jones2011bayesian,
  title={Bayesian fundamentalism or enlightenment? On the explanatory status and theoretical contributions of Bayesian models of cognition},
  author={Jones, Matt and Love, Bradley C},
  journal={Behavioral and brain sciences},
  volume={34},
  number={4},
  pages={169},
  year={2011},
  publisher={Cambridge University Press}
}

@book{preiser2016critical,
  title={Critical complexity: collected essays},
  author={Preiser, Rika},
  volume={6},
  year={2016},
  publisher={Walter de Gruyter GmbH \& Co KG}
}

@misc{narayanan2019,
  title={The Promise and Peril of Artificial Intelligence},
  url={https://sts-program.mit.edu/event/arthur-miller-lecture-on-science-and-ethics/}, 
  journalCOMMENT={ARTHUR MILLER LECTURE ON SCIENCE AND ETHICS},
  author={Narayanan, Arvind},
  year={2019},
  publisher={MIT}
}

@inproceedings{hamidi2018gender,
  title={Gender recognition or gender reductionism? The social implications of embedded gender recognition systems},
  author={Hamidi, Foad and Scheuerman, Morgan Klaus and Branham, Stacy M},
  booktitle={Proceedings of the 2018 chi conference on human factors in computing systems},
  pages={1--13},
  year={2018}
}

@article{barlassee2020,
  title={To “See” is to Stereotype},
  author={BARLAS, PINAR and KYRIAKOU, KYRIAKOS and GUEST, OLIVIA and KLEANTHOUS, STYLIANI and OTTERBACHER, JAHNA},
  year={2020}
}

@article{d2020underspecification,
  title={Underspecification presents challenges for credibility in modern machine learning},
  author={D'Amour, Alexander and Heller, Katherine and Moldovan, Dan and Adlam, Ben and Alipanahi, Babak and Beutel, Alex and Chen, Christina and Deaton, Jonathan and Eisenstein, Jacob and Hoffman, Matthew D and others},
  journal={arXiv preprint arXiv:2011.03395},
  year={2020}
}

@book{cohen2018know,
  title={The know-it-alls: The rise of Silicon Valley as a political powerhouse and social wrecking ball},
  author={Cohen, Noam},
  year={2018},
  publisher={Simon and Schuster}
}

@book{lewontin1996biology,
  title={Biology as ideology: The doctrine of DNA},
  author={Lewontin, Richard},
  year={1996},
  publisher={House of Anansi}
}

@article{borras2020roles,
  title={The roles of the state in the governance of socio-technical systems’ transformation},
  author={Borr{\'a}s, Susana and Edler, Jakob},
  journal={Research Policy},
  volume={49},
  number={5},
  pages={103971},
  year={2020},
  publisher={Elsevier}
}

@article{kalluri2020don,
  title={Don't ask if artificial intelligence is good or fair, ask how it shifts power.},
  author={Kalluri, Pratyusha},
  journal={Nature},
  volume={583},
  number={7815},
  pages={169--169},
  year={2020}
}

@misc{molla2019,
  title={Google, Amazon, and Facebook all spent record amounts last year lobbying the US government},
  url={https://www.vox.com/2019/1/23/18194328/google-amazon-facebook-lobby-record}, 
  journalCOMMENT={ARTHUR MILLER LECTURE ON SCIENCE AND ETHICS},
  author={Molla, Rani},
  year={2019},
  publisher={Vox}
}

@article{weizenbaum1976computer,
  title={Computer power and human reason: From judgment to calculation.},
  author={Weizenbaum, Joseph},
  year={1976},
  publisher={WH Freeman \& Co}
}

@article{dreyfus1972computers,
  title={What computers can’t do: The limits of artificial intelligence},
  author={Dreyfus, Hubert},
  year={1972}
}

@inproceedings{fiesler2020we,
  title={What do We teach when We teach tech ethics? A syllabi analysis},
  author={Fiesler, Casey and Garrett, Natalie and Beard, Nathan},
  booktitle={Proceedings of the 51st ACM Technical Symposium on Computer Science Education},
  pages={289--295},
  year={2020}
}

@article{jobin2019global,
  title={The global landscape of AI ethics guidelines},
  author={Jobin, Anna and Ienca, Marcello and Vayena, Effy},
  journal={Nature Machine Intelligence},
  volume={1},
  number={9},
  pages={389--399},
  year={2019},
  publisher={Nature Publishing Group}
}

@article{scannell2019not,
  title={This is not Minority Report: Predictive policing and population racism},
  author={Scannell, R Joshua},
  journal={Captivating technology: Race, carceral technoscience, and liberatory imagination in everyday life},
  pages={107--129},
  year={2019}
}

@book{mcilwain2019black,
  title={Black software: The internet and racial justice, from the AfroNet to Black Lives Matter},
  author={McIlwain, Charlton D},
  year={2019},
  publisher={Oxford University Press, USA}
}

@book{rothstein2017color,
  title={The color of law: A forgotten history of how our government segregated America},
  author={Rothstein, Richard},
  year={2017},
  publisher={Liveright Publishing}
}

@book{taylor2019race,
  title={Race for profit: How banks and the real estate industry undermined black homeownership},
  author={Taylor, Keeanga-Yamahtta},
  year={2019},
  publisher={UNC Press Books}
}

@book{browne2015dark,
  title={Dark matters: On the surveillance of blackness},
  author={Browne, Simone},
  year={2015},
  publisher={Duke University Press}
}

@incollection{gilmore2017abolition,
  author = {Gilmore, R. W.},
   title = {Abolition geography and the problem of innocence},
   booktitle = {Futures of Black Radicalism},
   editor = {Johnson, G. T. and Lubin, A.},
   publisher = {Verso},
   address = {Brooklyn, NY},
   pages = {225-240},
   year = {2017}
}

@incollection{weheliye2014habeas,
  title = {Law: Property},
  booktitle={Habeas viscus: Racializing assemblages, biopolitics, and black feminist theories of the human},
  author={Weheliye, Alexander G},
  year={2014},
  publisher={Duke University Press},
  pages = {74-88},
  address = {Durham, NC}
}

@incollection{jefferson2020digitizepunish,
   author = {Jefferson, B.},
   title = {Digitize and Punish: Racial criminalization in the digital age},
   publisher = {University of Minnesota Press},
   address = {Minneapolis, MN, USA},
   year = {2020},
   pages = {171}
}

@inproceedings{marcinkowski2020implications,
  title={Implications of AI (un-) fairness in higher education admissions: the effects of perceived AI (un-) fairness on exit, voice and organizational reputation},
  author={Marcinkowski, Frank and Kieslich, Kimon and Starke, Christopher and L{\"u}nich, Marco},
  booktitle={Proceedings of the 2020 Conference on Fairness, Accountability, and Transparency},
  pages={122-130},
  year={2020}, 
  address = {Barcelona, ES}
}

@article{benjamin2019assessing,
  title={Assessing risk, automating racism},
  author={Benjamin, Ruha},
  journal={Science},
  volume={366},
  number={6464},
  pages={421--422},
  year={2019},
  publisher={American Association for the Advancement of Science}
}

@inproceedings{kim2019multiaccuracy,
author = {Kim, Michael P. and Ghorbani, Amirata and Zou, James},
title = {Multiaccuracy: Black-Box Post-Processing for Fairness in Classification},
year = {2019},
isbn = {9781450363242},
publisher = {Association for Computing Machinery},
address = {New York, NY, USA},
url = {https://doi.org/10.1145/3306618.3314287},
doi = {10.1145/3306618.3314287},
booktitle = {Proceedings of the 2019 AAAI/ACM Conference on AI, Ethics, and Society},
pages = {247–254},
numpages = {8},
keywords = {machine learning, fairness, discrimination, post-processing},
location = {Honolulu, HI, USA},
series = {AIES '19}
}

@inproceedings{matthews2019righconfront, 
author = {Matthews, Jeanna and Babaeianjelodar, Marzieh and Lorenz, Stephen and Matthews, Abigail and Njie, Mariama and Adams, Nathaniel and Krane, Dan and Goldthwaite, Jessica and Hughes, Clinton},
title = {The Right To Confront Your Accusers: Opening the Black Box of Forensic DNA Software},
year = {2019},
isbn = {9781450363242},
publisher = {Association for Computing Machinery},
address = {New York, NY, USA},
url = {https://doi.org/10.1145/3306618.3314279},
doi = {10.1145/3306618.3314279},
booktitle = {Proceedings of the 2019 AAAI/ACM Conference on AI, Ethics, and Society},
pages = {321–327},
numpages = {7},
location = {Honolulu, HI, USA},
series = {AIES '19}
}

@inproceedings{gilbert2019epistemic, 
author = {Gilbert, Thomas Krendl and Mintz, Yonatan},
title = {Epistemic Therapy for Bias in Automated Decision-Making},
year = {2019},
isbn = {9781450363242},
publisher = {Association for Computing Machinery},
address = {New York, NY, USA},
url = {https://doi.org/10.1145/3306618.3314294},
doi = {10.1145/3306618.3314294},
booktitle = {Proceedings of the 2019 AAAI/ACM Conference on AI, Ethics, and Society},
pages = {61–67},
numpages = {7},
location = {Honolulu, HI, USA},
series = {AIES '19}
}

@inproceedings{mcnamara2019equalized,
author = {McNamara, Daniel},
title = {Equalized Odds Implies Partially Equalized Outcomes Under Realistic Assumptions},
year = {2019},
isbn = {9781450363242},
publisher = {Association for Computing Machinery},
address = {New York, NY, USA},
url = {https://doi.org/10.1145/3306618.3314290},
doi = {10.1145/3306618.3314290},
booktitle = {Proceedings of the 2019 AAAI/ACM Conference on AI, Ethics, and Society},
pages = {313–320},
numpages = {8},
location = {Honolulu, HI, USA},
series = {AIES '19}
}

@inproceedings{mishler2019modelingrisk,
author = {Mishler, Alan},
title = {Modeling Risk and Achieving Algorithmic Fairness Using Potential Outcomes},
year = {2019},
isbn = {9781450363242},
publisher = {Association for Computing Machinery},
address = {New York, NY, USA},
url = {https://doi.org/10.1145/3306618.3314323},
doi = {10.1145/3306618.3314323},
booktitle = {Proceedings of the 2019 AAAI/ACM Conference on AI, Ethics, and Society},
pages = {555–556},
numpages = {2},
location = {Honolulu, HI, USA},
series = {AIES '19}
}

@inproceedings{srivastava2018composablebias,
author = {Srivastava, Biplav and Rossi, Francesca},
title = {Towards Composable Bias Rating of AI Services},
year = {2018},
isbn = {9781450360128},
publisher = {Association for Computing Machinery},
address = {New York, NY, USA},
url = {https://doi.org/10.1145/3278721.3278744},
doi = {10.1145/3278721.3278744},
booktitle = {Proceedings of the 2018 AAAI/ACM Conference on AI, Ethics, and Society},
pages = {284–289},
numpages = {6},
location = {New Orleans, LA, USA},
series = {AIES '18}
}

@inproceedings{vasconcelos2019epistemological,
author = {Vasconcelos, Marisa and Cardonha, Carlos and Gon\c{c}alves, Bernardo},
title = {Modeling Epistemological Principles for Bias Mitigation in AI Systems: An Illustration in Hiring Decisions},
year = {2018},
isbn = {9781450360128},
publisher = {Association for Computing Machinery},
address = {New York, NY, USA},
url = {https://doi.org/10.1145/3278721.3278751},
doi = {10.1145/3278721.3278751},
booktitle = {Proceedings of the 2018 AAAI/ACM Conference on AI, Ethics, and Society},
pages = {323–329},
numpages = {7},
location = {New Orleans, LA, USA},
series = {AIES '18}
}

@inproceedings{kalyanakrishnan2018aiindia,
author = {Kalyanakrishnan, Shivaram and Panicker, Rahul Alex and Natarajan, Sarayu and Rao, Shreya},
title = {Opportunities and Challenges for Artificial Intelligence in India},
year = {2018},
isbn = {9781450360128},
publisher = {Association for Computing Machinery},
address = {New York, NY, USA},
url = {https://doi.org/10.1145/3278721.3278738},
doi = {10.1145/3278721.3278738},
booktitle = {Proceedings of the 2018 AAAI/ACM Conference on AI, Ethics, and Society},
pages = {164–170},
numpages = {7},
location = {New Orleans, LA, USA},
series = {AIES '18}
}

@inproceedings{goel2018mlconvex,
author = {Goel, Naman and Yaghini, Mohammad and Faltings, Boi},
title = {Non-Discriminatory Machine Learning through Convex Fairness Criteria},
year = {2018},
isbn = {9781450360128},
publisher = {Association for Computing Machinery},
address = {New York, NY, USA},
url = {https://doi.org/10.1145/3278721.3278722},
doi = {10.1145/3278721.3278722},
booktitle = {Proceedings of the 2018 AAAI/ACM Conference on AI, Ethics, and Society},
pages = {116},
numpages = {1},
location = {New Orleans, LA, USA},
series = {AIES '18}
}

 @inproceedings{couldechova2018child, 
 title = {A case study of algorithm-assisted decision making in child maltreatment hotline screening decisions}, 
 author = {Alexandra Chouldechova and Diana Benavides-Prado and Oleksandr Fialko and Rhema Vaithianathan}, 
 booktitle = {Proceedings of the 2018 Conference on Fairness, Accountability and Transparency}, 
 pages = {134-148}, 
 year = {2018},
 volume = {81}, 
 address = {New York, NY, USA}, 
 publisher = {PMLR},
 url = {http://proceedings.mlr.press},
 type = {Conference Proceedings}
 } 

@incollection{quan2017demliving,
  author = {Quan, H. L. T.},
   title = {"It's hard to stop rebels that time travel": Democratic living and the radical reimagining of old worlds},
   booktitle = {Futures of Black Radicalism},
   editor = {Johnson, G. T. and Lubin, A.},
   publisher = {Verso},
   address = {Brooklyn, NY},
   pages = {173-193},
   year = {2017}
}

@inproceedings{jongbin2020bayesian,
author = {Jung, Jongbin and Shroff, Ravi and Feller, Avi and Goel, Sharad},
title = {Bayesian Sensitivity Analysis for Offline Policy Evaluation},
year = {2020},
isbn = {9781450371100},
publisher = {Association for Computing Machinery},
address = {New York, NY, USA},
url = {https://doi.org/10.1145/3375627.3375822},
doi = {10.1145/3375627.3375822},
booktitle = {Proceedings of the AAAI/ACM Conference on AI, Ethics, and Society},
pages = {64–70},
numpages = {7},
location = {New York, NY, USA},
series = {AIES '20}
}

@book{natapoff2018punishment,
  title={Punishment without crime: How our massive misdemeanor system traps the innocent and makes America more unequal},
  author={Natapoff, A.},
  year={2018},
  publisher={Basic Books}
}

@book{mlk1968,
   author = {King Jr., M. L.},
   title = {Where do we go from her: Chaos or community?},
   publisher = {Beacon Press},
   address = {Boston, MA, USA},
   year = {1968},
   type = {Book}
}

@article{bonilla2015structureracism,
   author = {Bonilla-Silva, E.},
   title = {The Structure of Racism in Color-Blind, “Post-Racial” America},
   journal = {American Behavioral Scientist},
   volume = {59},
   number = {11},
   pages = {1358-1376},
   ISSN = {0002-7642},
   DOI = {10.1177/0002764215586826},
   url = {https://doi.org/10.1177/0002764215586826},
   year = {2015},
   type = {Journal Article}
}

@article{abdalla2020grey,
  title={The Grey Hoodie Project: Big Tobacco, Big Tech, and the threat on academic integrity},
  author={Abdalla, Mohamed and Abdalla, Moustafa},
  journal={arXiv preprint arXiv:2009.13676},
  year={2020}
}

@article{dastin_dave_2020,
  title={Google told its scientists to 'strike a positive tone' in AI research - documents},
  url={https://www.reuters.com/article/us-alphabet-google-research-focus-idUSKBN28X1CB},
  journal={Reuters},
  author={Dastin, Jeffrey and Dave, Paresh},
  year={2020},
  date={2020-12-23}
 }
 
@inproceedings{kannan2019affirmativeaction,
author = {Kannan, Sampath and Roth, Aaron and Ziani, Juba},
title = {Downstream Effects of Affirmative Action},
year = {2019},
isbn = {9781450361255},
publisher = {Association for Computing Machinery},
address = {New York, NY, USA},
url = {https://doi.org/10.1145/3287560.3287578},
doi = {10.1145/3287560.3287578},
booktitle = {Proceedings of the Conference on Fairness, Accountability, and Transparency},
pages = {240–248},
numpages = {9},
location = {Atlanta, GA, USA},
series = {FAT* '19}
}


@article{browning2020stop,
  title={Stop and Risk: Policing, Data, and the Digital Age of Discrimination},
  author={Browning, Matthew and Arrigo, Bruce},
  journal={American Journal of Criminal Justice},
  pages={1--19},
  year={2020},
  publisher={Springer}
}

@misc{vyas2020hidden,
  title={Hidden in plain sight—reconsidering the use of race correction in clinical algorithms},
  author={Vyas, Darshali A and Eisenstein, Leo G and Jones, David S},
  year={2020},
  publisher={Mass Medical Soc}
}

@article{powe2020black,
  title={Black kidney function matters: use or misuse of race?},
  author={Powe, Neil R},
  journal={Jama},
  volume={324},
  number={8},
  pages={737--738},
  year={2020},
  publisher={American Medical Association}
}

@article{ali2019discrimination,
  title={Discrimination through optimization: How Facebook's Ad delivery can lead to biased outcomes},
  author={Ali, Muhammad and Sapiezynski, Piotr and Bogen, Miranda and Korolova, Aleksandra and Mislove, Alan and Rieke, Aaron},
  journal={Proceedings of the ACM on Human-Computer Interaction},
  volume={3},
  number={CSCW},
  pages={1--30},
  year={2019},
  publisher={ACM New York, NY, USA}
}

@article{kuhn2013gender,
  title={Gender discrimination in job ads: Evidence from china},
  author={Kuhn, Peter and Shen, Kailing},
  journal={The Quarterly Journal of Economics},
  volume={128},
  number={1},
  pages={287--336},
  year={2013},
  publisher={MIT Press}
}

@article{Hendrix2014,
 title={Virtual invisibility: Race and communication education},
 author={Hendrix, G. K. and Wilson, C.},
 journal={Communication Education},
 volume={63},
 issue={4},
 pages={405--428},
 year={2013},
 publisher={Taylor and Francis Online},
 URL={https://doi.org/10.1080/03634523.2014.934852},
 DOI={10.1080/03634523.2014.934852}

}

@misc{mbiti1969african,
  title={African Religions and Philosophy. New York: Frederick A},
  author={Mbiti, John S},
  year={1969},
  publisher={Praeger}
}

@article{fromrationality2020,
  title={From Rationality to Relationality: Ubuntu as an Ethical and Human Rights Framework for Artificial Intelligence Governance},
  author={Mhlambi, Sabelo},
  journal={Carr Center for Human Rights Policy Discussion Paper Series},
  year={2020},
  publisher={Carr Center}
}

@article{prabhu2020large,
  title={Large image datasets: A pyrrhic win for computer vision?},
  author={Prabhu, Vinay Uday and Birhane, Abeba},
  journal={arXiv preprint arXiv:2006.16923},
  year={2020}
}

@inproceedings{petelka2020being,
  title={Being (In) Visible: Privacy, Transparency, and Disclosure in the Self-Management of Bipolar Disorder},
  author={Petelka, Justin and Van Kleunen, Lucy and Albright, Liam and Murnane, Elizabeth and Voida, Stephen and Snyder, Jaime},
  booktitle={Proceedings of the 2020 CHI Conference on Human Factors in Computing Systems},
  pages={1--14},
  year={2020}
}

@inproceedings{saksono2019social,
  title={Social reflections on fitness tracking data: A study with families in low-SES neighborhoods},
  author={Saksono, Herman and Castaneda-Sceppa, Carmen and Hoffman, Jessica and Seif El-Nasr, Magy and Morris, Vivien and Parker, Andrea G},
  booktitle={Proceedings of the 2019 chi conference on human factors in computing systems},
  pages={1--14},
  year={2019}
}

@misc{hanna2020scale,
      title={Against Scale: Provocations and Resistances to Scale Thinking}, 
      author={Alex Hanna and Tina M. Park},
      year={2020},
      eprint={2010.08850},
      archivePrefix={arXiv},
      primaryClass={cs.CY}
}

@book{winograd1986understanding,
  title={Understanding computers and cognition: A new foundation for design},
  author={Winograd, Terry and Flores, Fernando},
  year={1986},
  publisher={Intellect Books}
}


@book{crawford2021atlas,
  title={The Atlas of AI: Power, Politics, and the Planetary Costs of Artificial Intelligence},
  author={Crawford, Kate},
  year={2021},
  publisher={Yale University Press}
}


@article{friedler2016possibility,
  title={On the (im) possibility of fairness},
  author={Friedler, Sorelle A and Scheidegger, Carlos and Venkatasubramanian, Suresh},
  journal={arXiv preprint arXiv:1609.07236},
  year={2016}
}

@inproceedings{taskesen21compas,
   author = {Taskesen, B. and Blanchet, J. and Kuhn, D. and Nguyen, V. A.},
   title = {A Statistical Test for Probabilistic Fairness},
   booktitle = {Proceedings of the 2021 ACM Conference on Fairness, Accountability, and Transparency},
   publisher = {Association for Computing Machinery},
   pages = {648–665},
   DOI = {10.1145/3442188.3445927},
   url = {https://doi.org/10.1145/3442188.3445927},
   year = {2021},
   type = {Conference Proceedings}
}

@inproceedings{fogliato21compas,
   author = {Fogliato, R. and Xiang, A. and Lipton, Z. and Nagin, D. and Chouldechova, A.},
   title = {On the Validity of Arrest as a Proxy for Offense: Race and the Likelihood of Arrest for Violent Crimes},
   booktitle = {2021 AAAI/ACM Conference on AI, Ethics, and Society},
   publisher = {Association for Computing Machinery},
   pages = {100–111},
   ISBN = {9781450384735},
   DOI = {10.1145/3461702.3462538},
   url = {https://doi.org/10.1145/3461702.3462538},
   year = {2021},
   type = {Conference Proceedings}
}

@inproceedings{krafft21compas,
   author = {Krafft, P. M. and Young, Meg and Katell, Michael and Lee, Jennifer E. and Narayan, Shankar and Epstein, Micah and Dailey, Dharma and Herman, Bernease and Tam, Aaron and Guetler, Vivian and Bintz, Corinne and Raz, Daniella and Jobe, Pa Ousman and Putz, Franziska and Robick, Brian and Barghouti, Bissan},
   title = {An Action-Oriented AI Policy Toolkit for Technology Audits by Community Advocates and Activists},
   booktitle = {Proceedings of the 2021 ACM Conference on Fairness, Accountability, and Transparency},
   publisher = {Association for Computing Machinery},
   pages = {772–781},
   DOI = {10.1145/3442188.3445938},
   url = {https://doi.org/10.1145/3442188.3445938},
   year = {2021},
   type = {Conference Proceedings}
}

@article{dancy21blackness,
   author = {Dancy, C. L. and Saucier, P. K.},
   title = {AI and Blackness: Towards moving beyond bias and representation},
   journal = {IEEE Transactions on Technology and Society},
   volume = {3},
   number = {1},
   pages = {31-40},
   ISSN = {2637-6415},
   DOI = {10.1109/TTS.2021.3125998},
   year = {2022},
   type = {Journal Article}
}

@book{alexanderjimcrow,
   author = {Alexander, M.},
   title = {The new Jim Crow: Mass incarceration in the age of colorblindness},
   publisher = {New Press},
   address = {New York, NY, USA},
   note = {Includes bibliographical references (pages 249-279) and index.},
   abstract = {xi, 290 pages ; 24 cm},
   url = {https://search.library.wisc.edu/catalog/9910095136402121},
   year = {2010},
   type = {Book}
}

@book{muhammadblackness,
   author = {Muhammad, K. G.},
   title = {The Condemnation of Blackness: Race, Crime, and the Making of Modern Urban America},
   publisher = {Harvard University Press},
   address = {Cambridge, MA},
   ISBN = {0674244338},
   year = {2010},
   type = {Book}
}



@inbook{wells1893lynch,
   author = {Wells, Ida B.},
   title = {Lynch Law},
   booktitle = {The reason why the Colored American is not in the World’s Columbian Exposition},
   editor = {Rydell, R. W.},
   publisher = {University of Illinois Press},
   address = {Urbana },
   chapter = {4},
   year = {1999 (1893)},
   type = {Book Section}
}

@inproceedings{hampton21blackfem,
   author = {Hampton, L. M.},
   title = {Black Feminist Musings on Algorithmic Oppression},
   booktitle = {2021 ACM Conference on Fairness, Accountability, and Transparency},
   publisher = {Association for Computing Machinery},
   pages = {1},
   DOI = {10.1145/3442188.3445929},
   url = {https://doi.org/10.1145/3442188.3445929},
   type = {Conference Proceedings}
}


@article{mohamed2020decolonial,
  title={Decolonial AI: Decolonial theory as sociotechnical foresight in artificial intelligence},
  author={Mohamed, Shakir and Png, Marie-Therese and Isaac, William},
  journal={Philosophy \& Technology},
  volume={33},
  number={4},
  pages={659--684},
  year={2020},
  publisher={Springer}
}

@article{dobbe2021hard,
  title={Hard Choices in Artificial Intelligence},
  author={Dobbe, Roel and Gilbert, Thomas Krendl and Mintz, Yonatan},
  journal={arXiv preprint arXiv:2106.11022},
  year={2021}
}

@inproceedings{rodolfa20recidivism,
   author = {Rodolfa, K. T. and Salomon, E. and Haynes, L. and Mendieta, I. H. and Larson, J. and Ghani, R.},
   title = {Case study: predictive fairness to reduce misdemeanor recidivism through social service interventions},
   booktitle = {2020 Conference on Fairness, Accountability, and Transparency},
   publisher = {Association for Computing Machinery},
   pages = {142–153},
   DOI = {10.1145/3351095.3372863},
   url = {https://doi.org/10.1145/3351095.3372863},
   type = {Conference Proceedings}
}

@article{raji2020discomfort,
  title={The discomfort of death counts: Mourning through the distorted lens of reported COVID-19 death data},
  author={Raji, Inioluwa Deborah},
  journal={Patterns},
  volume={1},
  number={4},
  pages={100066},
  year={2020},
  publisher={Elsevier}
}

@book{d2020data,
  title={Data feminism},
  author={D'ignazio, Catherine and Klein, Lauren F},
  year={2020},
  publisher={MIT press}
}

@article{cohen1960coefficient,
  title={A coefficient of agreement for nominal scales},
  author={Cohen, Jacob},
  journal={Educational and psychological measurement},
  volume={20},
  number={1},
  pages={37--46},
  year={1960},
  publisher={Sage Publications Sage CA: Thousand Oaks, CA}
}

@inproceedings{engelmann2019clear,
  title={Clear Sanctions, Vague Rewards: How China's Social Credit System Currently Defines" Good" and" Bad" Behavior},
  author={Engelmann, Severin and Chen, Mo and Fischer, Felix and Kao, Ching-yu and Grossklags, Jens},
  booktitle={Proceedings of the conference on fairness, accountability, and transparency},
  pages={69--78},
  year={2019}
}

@book{gandy2021panoptic,
  title={The panoptic sort: A political economy of personal information},
  author={Gandy Jr, Oscar H},
  year={2021},
  publisher={Oxford University Press}
}

@article{agre1994surveillance,
  title={Surveillance and capture: Two models of privacy},
  author={Agre, Philip E},
  journal={The Information Society},
  volume={10},
  number={2},
  pages={101--127},
  year={1994},
  publisher={Taylor \& Francis}
}

@book{costanza2020design,
  title={Design justice: Community-led practices to build the worlds we need},
  author={Costanza-Chock, Sasha},
  year={2020}
}

@book{tamale2020decolonization,
  title={Decolonization and Afro-feminism},
  author={Tamale, Sylvia},
  year={2020},
  publisher={Daraja Press}
}

@inproceedings{birhane2021large,
  title={Large image datasets: A pyrrhic win for computer vision?},
  author={Birhane, Abeba and Prabhu, Vinay Uday},
  booktitle={2021 IEEE Winter Conference on Applications of Computer Vision (WACV)},
  pages={1536--1546},
  year={2021},
  organization={IEEE}
}
