@article{almeida2021ethics,
  title={The ethics of facial recognition technologies, surveillance, and accountability in an age of artificial intelligence: a comparative analysis of US, EU, and UK regulatory frameworks},
  author={Almeida, Denise and Shmarko, Konstantin and Lomas, Elizabeth},
  journal={AI and Ethics},
  pages={1--11},
  year={2021},
  publisher={Springer}
}


@inproceedings{anderson2004towards,
  title={Towards machine ethics},
  author={Anderson, Michael and Anderson, Susan Leigh and Armen, Chris},
  booktitle={AAAI-04 workshop on agent organizations: theory and practice, San Jose, CA},
  year={2004}
}


@article{apressyan2018kant,
  title={Kant, Universality Test, and a Criterion of Morality},
  author={Apressyan, RG},
  journal={Russian Journal of Philosophical Sciences},
  volume={11},
  year={2018}
}

@article{arnold2018big,
  title={The “big red button” is too late: an alternative model for the ethical evaluation of AI systems},
  author={Arnold, Thomas and Scheutz, Matthias},
  journal={Ethics and Information Technology},
  volume={20},
  number={1},
  pages={59--69},
  year={2018},
  publisher={Springer}
}

@article{brey2012anticipating,
  title={Anticipating ethical issues in emerging IT},
  author={Brey, PAE},
  journal={Ethics and Information Technology},
  volume={14},
  number={4},
  pages={305--317},
  year={2012},
  publisher={Springer}
}

@misc{brey2012anticipatory,
  title={Anticipatory ethics for emerging technologies. NanoEthics 6: 1--13},
  author={Brey, PAE},
  year={2012}
}


@article{bostrom2014ethics,
  title={The ethics of artificial intelligence},
  author={Bostrom, Nick and Yudkowsky, Eliezer},
  journal={The Cambridge handbook of artificial intelligence},
  volume={1},
  pages={316--334},
  year={2014}
}


@inproceedings{buolamwini2018gender,
  title={Gender shades: Intersectional accuracy disparities in commercial gender classification},
  author={Buolamwini, Joy and Gebru, Timnit},
  booktitle={Conference on fairness, accountability and transparency},
  pages={77--91},
  year={2018},
  organization={PMLR}
}


@misc{bynum2004computer,
  title={Computer ethics and professional responsibility (pp. 98--106). Kundli},
  author={Bynum, Terrell W and Rogerson, S},
  year={2004},
  publisher={India: Blackwell}
}
@inproceedings{capurro2009digital,
  title={Digital ethics},
  author={Capurro, Rafael},
  booktitle={Global Forum on Civilization and Peace},
  pages={207--216},
  year={2009}
}



@article{capurro2017digitization,
  title={Digitization as an ethical challenge},
  author={Capurro, Rafael},
  journal={Ai \& Society},
  volume={32},
  number={2},
  pages={277--283},
  year={2017},
  publisher={Springer}
}

@article{capurro2020digitale,
  title={Digitale Ethik: Das Wesen des Digitalen im Narrativen finden?},
  author={Capurro, Vgl R and Grimm, Vgl P and others},
  journal={Religi{\"o}se Bildung und Digitalisierung},
  pages={61},
  year={2020}
}


@article{chander2017racist,
  title={The racist algorithm?},
  author={Chander, Anupam},
  journal={Michigan Law Review},
  volume={115},
  number={6},
  pages={1023--1045},
  year={2017}
}

@article{darwall1983impartial,
  title={Impartial reason},
  author={Darwall, Stephen L},
  year={1983}
}

@inproceedings{dignum2018ethics,
  title={Ethics by design: Necessity or curse?},
  author={Dignum, Virginia and Baldoni, Matteo and Baroglio, Cristina and Caon, Maurizio and Chatila, Raja and Dennis, Louise and G{\'e}nova, Gonzalo and Haim, Galit and Klie{\ss}, Malte S and Lopez-Sanchez, Maite and others},
  booktitle={Proceedings of the 2018 AAAI/ACM Conference on AI, Ethics, and Society},
  pages={60--66},
  year={2018}
}

@article{dodig2016floridi,
  title={Floridi’s Information Ethics as Macro-Ethics and Info-Computational},
  author={Dodig Crnkovic, Gordana},
  journal={Research Gate},
  volume={6},
  year={2016}
}

@book{ess2013digital,
  title={Digital media ethics},
  author={Ess, Charles},
  year={2013},
  publisher={Polity}
}

@inproceedings{flanagan2005values,
  title={Values at play: Design tradeoffs in socially-oriented game design},
  author={Flanagan, Mary and Howe, Daniel C and Nissenbaum, Helen},
  booktitle={Proceedings of the SIGCHI conference on human factors in computing systems},
  pages={751--760},
  year={2005}
}

@book{floridi2013ethics,
  title={The ethics of information},
  author={Floridi, Luciano},
  year={2013},
  publisher={Oxford University Press}
}

@article{floridi2016tolerant,
  title={Tolerant paternalism: Pro-ethical design as a resolution of the dilemma of toleration},
  author={Floridi, Luciano},
  journal={Science and engineering ethics},
  volume={22},
  number={6},
  pages={1669--1688},
  year={2016},
  publisher={Springer}
}

@article{floridi2018ai4people,
  title={AI4People—An ethical framework for a good AI society: Opportunities, risks, principles, and recommendations},
  author={Floridi, Luciano and Cowls, Josh and Beltrametti, Monica and Chatila, Raja and Chazerand, Patrice and Dignum, Virginia and Luetge, Christoph and Madelin, Robert and Pagallo, Ugo and Rossi, Francesca and others},
  journal={Minds and Machines},
  volume={28},
  number={4},
  pages={689--707},
  year={2018},
  publisher={Springer}
}

@book{friedman2019value,
  title={Value sensitive design: Shaping technology with moral imagination},
  author={Friedman, Batya and Hendry, David G},
  year={2019},
  publisher={Mit Press}
}

@article{gogoll2017autonomous,
  title={Autonomous cars: in favor of a mandatory ethics setting},
  author={Gogoll, Jan and M{\"u}ller, Julian F},
  journal={Science and engineering ethics},
  volume={23},
  number={3},
  pages={681--700},
  year={2017},
  publisher={Springer}
}

@article{gogoll2021ethics,
  title={Ethics in the software development process: from codes of conduct to ethical deliberation},
  author={Gogoll, Jan and Zuber, Niina and Kacianka, Severin and Greger, Timo and Pretschner, Alexander and Nida-R{\"u}melin, Julian},
  journal={Philosophy \& Technology},
  volume={34},
  number={4},
  pages={1085--1108},
  year={2021},
  publisher={Springer}
}

@article{grush2015google,
  title={Google engineer apologizes after Photos app tags two black people as gorillas},
  author={Grush, Loren},
  journal={The Verge},
  volume={1},
  year={2015}
}

@article{gurovich2019identifying,
  title={Identifying facial phenotypes of genetic disorders using deep learning},
  author={Gurovich, Yaron and Hanani, Yair and Bar, Omri and Nadav, Guy and Fleischer, Nicole and Gelbman, Dekel and Basel-Salmon, Lina and Krawitz, Peter M and Kamphausen, Susanne B and Zenker, Martin and others},
  journal={Nature medicine},
  volume={25},
  number={1},
  pages={60--64},
  year={2019},
  publisher={Nature Publishing Group}
}

@article{hevelke2015responsibility,
  title={Responsibility for crashes of autonomous vehicles: An ethical analysis},
  author={Hevelke, Alexander and Nida-R{\"u}melin, Julian},
  journal={Science and engineering ethics},
  volume={21},
  number={3},
  pages={619--630},
  year={2015},
  publisher={Springer}
}

@article{johnson1985computer,
  title={Computer ethics},
  author={Johnson, Deborah G},
  journal={Englewood Cliffs (NJ)},
  volume={10},
  pages={102926},
  year={1985}
}

@inproceedings{kacianka2021designing,
  title={Designing accountable systems},
  author={Kacianka, Severin and Pretschner, Alexander},
  booktitle={Proceedings of the 2021 ACM Conference on Fairness, Accountability, and Transparency},
  pages={424--437},
  year={2021}
}

@book{langford2000internet,
  title={Internet ethics},
  author={Langford, Duncan},
  year={2000},
  publisher={Macmillan London}
}

@book{macintyre2013after,
  title={After virtue},
  author={MacIntyre, Alasdair},
  year={2013},
  publisher={A\&C Black}
}

@article{maner1999computer,
  title={Is computer ethics unique?},
  author={Maner, Walter},
  year={1999},
  publisher={EUT Edizioni Universit{\`a} di Trieste}
}

@techreport{mclaughlin2020critics,
  title={The Critics Were Wrong: NIST Data Shows the Best Facial Recognition Algorithms Are Neither Racist Nor Sexist},
  author={McLaughlin, Michael and Castro, Daniel},
  year={2020},
  institution={Information Technology and Innovation Foundation}
}

@article{mead1923scientific,
  title={Scientific method and the moral sciences},
  author={Mead, George H},
  journal={The International Journal of Ethics},
  volume={33},
  number={3},
  pages={229--247},
  year={1923},
  publisher={Rumford Press}
}

@book{mead1934mind,
  title={Mind, self and society},
  author={Mead, George Herbert and Schubert, Cornelius},
  volume={111},
  year={1934},
  publisher={University of Chicago press Chicago}
}

@article{mittelstadt2019principles,
  title={Principles alone cannot guarantee ethical AI},
  author={Mittelstadt, Brent},
  journal={Nature Machine Intelligence},
  volume={1},
  number={11},
  pages={501--507},
  year={2019},
  publisher={Nature Publishing Group}
}

@misc{montgomery2018genfer,
  title={Das Genfer Gel{\"o}bnis des Welt{\"a}rztebunds},
  author={Montgomery, Frank Ulrich and Parsa-Parsi, Ramin Walter and Wiesing, Urban},
  journal={Ethik in der Medizin},
  volume={30},
  number={1},
  pages={67--69},
  year={2018},
  publisher={Springer}
}

@article{moor1985computer,
  title={What is computer ethics?},
  author={Moor, James H},
  journal={Metaphilosophy},
  volume={16},
  number={4},
  pages={266--275},
  year={1985},
  publisher={JSTOR}
}

@incollection{morley2021initial,
  title={From what to how: an initial review of publicly available AI ethics tools, methods and research to translate principles into practices},
  author={Morley, Jessica and Floridi, Luciano and Kinsey, Libby and Elhalal, Anat},
  booktitle={Ethics, Governance, and Policies in Artificial Intelligence},
  pages={153--183},
  year={2021},
  publisher={Springer}
}

@article{nida1998ethische,
  title={Ethische Begr{\"u}ndungen: ein kritischer {\"U}berblick},
  author={Nida-R{\"u}melin, Julian},
  journal={Ethica},
  volume={6},
  number={1},
  pages={7--36},
  year={1998},
  publisher={Resch}
}

@book{nida2005menschliche,
  title={{\"U}ber menschliche Freiheit},
  author={Nida-R{\"u}melin, Julian},
  year={2005},
  publisher={Reclam}
}

@book{nida2011optimierungsfalle,
  title={Die Optimierungsfalle: Philosophie einer humanen {\"O}konomie},
  author={Nida-R{\"u}melin, Julian},
  year={2011},
  publisher={Irisiana}
}

@book{nida2018digitaler,
  title={Digitaler Humanismus: eine Ethik f{\"u}r das Zeitalter der k{\"u}nstlichen Intelligenz},
  author={Nida-R{\"u}melin, Julian and Weidenfeld, Nathalie},
  year={2018},
  publisher={Piper ebooks}
}

@book{nida2019structural,
  title={Structural Rationality and Other Essays on Practical Reason},
  author={Nida-R{\"u}melin, Julian},
  volume={52},
  year={2019},
  publisher={Springer}
}

@book{knauff2021handbook,
  title={Structural Rationality},
  author={Nida-R{\"u}melin, Julian and Gutwald, Rebecca and Zuber, Niina },
  booktitle    = {The handbook of rationality},
  editor       = {Knauff, Markus and Spohn, Wolfgang},
  year={2021},
  publisher={MIT Press}
}


@inproceedings{raji2020saving,
  title={Saving face: Investigating the ethical concerns of facial recognition auditing},
  author={Raji, Inioluwa Deborah and Gebru, Timnit and Mitchell, Margaret and Buolamwini, Joy and Lee, Joonseok and Denton, Emily},
  booktitle={Proceedings of the AAAI/ACM Conference on AI, Ethics, and Society},
  pages={145--151},
  year={2020}
}

@book{reijers2020narrative,
  title={Narrative and technology ethics},
  author={Reijers, Wessel and Coeckelbergh, Mark},
  year={2020},
  publisher={Springer}
}

@article{schulz2012privacy,
  title={Privacy by design},
  author={Schulz, Sebastian},
  journal={Computer und Recht},
  volume={28},
  number={3},
  pages={204--208},
  year={2012},
  publisher={Verlag Dr. Otto Schmidt}
}

@article{skorupinski2000technikfolgenabschatzung,
  title={Technikfolgenabsch{\"a}tzung und Ethik-Eine Verh{\"a}ltnisbestimmung in Theorie und Praxis},
  author={Skorupinski, Barbara},
  journal={TATuP-Zeitschrift f{\"u}r Technikfolgenabsch{\"a}tzung in Theorie und Praxis},
  volume={9},
  number={2},
  pages={88--93},
  year={2000}
}

@book{spiekermann2015ethical,
  title={Ethical IT innovation: A value-based system design approach},
  author={Spiekermann, Sarah},
  year={2015},
  publisher={CRC Press}
}

@book{spiekermann2019digitale,
  title={Digitale Ethik: ein Wertesystem f{\"u}r das 21. Jahrhundert},
  author={Spiekermann, Sarah},
  year={2019},
  publisher={Droemer eBook}
}

@book{strawson2008freedom,
  title={Freedom and resentment and other essays},
  author={Strawson, Peter Frederick},
  year={2008},
  publisher={Routledge}
}

@article{tavani1996cyberethics,
  title={Cyberethics and the future of computing},
  author={Tavani, Herman T},
  journal={Acm Sigcas Computers and Society},
  volume={26},
  number={2},
  pages={22--29},
  year={1996},
  publisher={ACM New York, NY, USA}
}

@article{turilli2009ethics,
  title={The ethics of information transparency},
  author={Turilli, Matteo and Floridi, Luciano},
  journal={Ethics and Information Technology},
  volume={11},
  number={2},
  pages={105--112},
  year={2009},
  publisher={Springer}
}

@book{vallor2016technology,
  title={Technology and the virtues: A philosophical guide to a future worth wanting},
  author={Vallor, Shannon},
  year={2016},
  publisher={Oxford University Press}
}

@book{wallach2008moral,
  title={Moral machines: Teaching robots right from wrong},
  author={Wallach, Wendell and Allen, Colin},
  year={2008},
  publisher={Oxford University Press}
}

@article{wiener1950cybernetics,
  title={Cybernetics},
  author={Wiener, Norbert},
  journal={Bulletin of the American Academy of Arts and Sciences},
  volume={3},
  number={7},
  pages={2--4},
  year={1950},
  publisher={JSTOR}
}

@book{wiener1988human,
  title={The human use of human beings: Cybernetics and society},
  author={Wiener, Norbert},
  number={320},
  year={1988},
  publisher={Da Capo Press}
}
@book{zuber2020ethische,
  title={Ethische Deliberation f{\"u}r Agile Softwareprozesse: EDAP-Schema},
  author={Zuber, Niina and Kacianka, Severin and Pretschner, Walter Alexander and Nida-R{\"u}melin, Julian},
  year={2020},
  publisher={Verlag der Bayerischen Akademie der Wissenschaften}
}

@incollection{Zuber2020,
  title={ Ethical Deliberation for Agile Processes: The EDAP Manual},
  author={Zuber, Niina and Kacianka, Severin and Pretschner, Alexander and Nida-R{\"u}melin, Julian},
  booktitle={Digital Transformation and Ethics},
  pages={134-150},
  year={2020},
  publisher={ecowin}
}


@article{zuber2021empowered,
  title={Empowered and embedded: ethics and agile processes},
  author={Zuber, Niina and Kacianka, Severin and Gogoll, Jan and Pretschner, Alexander and Nida-R{\"u}melin, Julian},
  journal={arXiv preprint arXiv:2107.07249},
  year={2021}
}


@article{zwitter2014big,
  title={Big data ethics},
  author={Zwitter, Andrej},
  journal={Big Data \& Society},
  volume={1},
  number={2},
  pages={2053951714559253},
  year={2014},
  publisher={SAGE Publications Sage UK: London, England}
}
