% arXiv

@article{amodei2016concrete,
      title={Concrete Problems in {AI} Safety}, 
      author={Dario Amodei and Chris Olah and Jacob Steinhardt and Paul Christiano and John Schulman and Dan Mané},
      year={2016},
      journal={arXiv preprint arXiv:1606.06565}
}

@article{sevilla2022compute,
      title={Compute Trends Across Three Eras of Machine Learning}, 
      author={Jaime Sevilla and Lennart Heim and Anson Ho and Tamay Besiroglu and Marius Hobbhahn and Pablo Villalobos},
      year={2022},
      journal={arXiv preprint arXiv:2202.05924}
}

@article{carlsmith2022powerseeking,
      title={Is Power-Seeking {AI} an Existential Risk?}, 
      author={Joseph Carlsmith},
      year={2022},
      journal={arXiv preprint arXiv:2206.13353}
}

@article{solaiman2023gradient,
      title={The Gradient of Generative {AI} Release: Methods and Considerations}, 
      author={Irene Solaiman},
      year={2023},
      journal={arXiv preprint arXiv:2302.04844}
}

@article{ngo2023alignment,
      title={The alignment problem from a deep learning perspective}, 
      author={Richard Ngo and Lawrence Chan and Sören Mindermann},
      year={2023},
      journal={arXiv preprint arXiv:2209.00626}
}

@article{openai2023gpt4technical,
      title={{GPT-4} Technical Report}, 
      author={{OpenAI}},
      year={2023},
      journal={arXiv preprint arXiv:2303.08774}
}

@article{brundage2018malicious,
      title={The Malicious Use of Artificial Intelligence: Forecasting, Prevention, and Mitigation}, 
      author={Miles Brundage and Shahar Avin and Jack Clark and Helen Toner and Peter Eckersley and Ben Garfinkel and Allan Dafoe and Paul Scharre and Thomas Zeitzoff and Bobby Filar and Hyrum Anderson and Heather Roff and Gregory C. Allen and Jacob Steinhardt and Carrick Flynn and Se\'an \'O h\'Eigeartaigh and Simon Beard and Haydn Belfield and Sebastian Farquhar and Clare Lyle and Rebecca Crootof and Owain Evans and Michael Page and Joanna Bryson and Roman Yampolskiy and Dario Amodei},
      year={2018},
      journal={arXiv preprint arXiv:1802.07228}
}

@article{anderljung2023protecting,
      title={Protecting Society from {AI} Misuse: When are Restrictions on Capabilities Warranted?}, 
      author={Markus Anderljung and Julian Hazell},
      year={2023},
      journal={arXiv preprint arXiv:2303.09377}
}

@article{schuett2022lines,
      title={Three lines of defense against risks from {AI}}, 
      author={Jonas Schuett},
      year={2022},
      journal={arXiv preprint arXiv:2212.08364}
}

@article{hendrycks2022unsolved,
      title={Unsolved Problems in {ML} Safety}, 
      author={Dan Hendrycks and Nicholas Carlini and John Schulman and Jacob Steinhardt},
      year={2022},
      journal={arXiv preprint arXiv:2109.13916}
}

@article{goldstein2023generative,
      title={Generative Language Models and Automated Influence Operations: Emerging Threats and Potential Mitigations}, 
      author={Josh A. Goldstein and Girish Sastry and Micah Musser and Renee DiResta and Matthew Gentzel and Katerina Sedova},
      year={2023},
      journal={arXiv preprint arXiv:2301.04246}
}

@article{solaiman2019release,
      title={Release Strategies and the Social Impacts of Language Models}, 
      author={Irene Solaiman and Miles Brundage and Jack Clark and Amanda Askell and Ariel Herbert-Voss and Jeff Wu and Alec Radford and Gretchen Krueger and Jong Wook Kim and Sarah Kreps and Miles McCain and Alex Newhouse and Jason Blazakis and Kris McGuffie and Jasmine Wang},
      year={2019},
      journal={arXiv preprint arXiv:1908.09203}
}

@article{bommasani2022opportunities,
      title={On the Opportunities and Risks of Foundation Models}, 
      author={Rishi Bommasani and Drew A. Hudson and Ehsan Adeli and Russ Altman and Simran Arora and Sydney von Arx and Michael S. Bernstein and Jeannette Bohg and Antoine Bosselut and Emma Brunskill and Erik Brynjolfsson and Shyamal Buch and Dallas Card and Rodrigo Castellon and Niladri Chatterji and Annie Chen and Kathleen Creel and Jared Quincy Davis and Dora Demszky and Chris Donahue and Moussa Doumbouya and Esin Durmus and Stefano Ermon and John Etchemendy and Kawin Ethayarajh and Li Fei-Fei and Chelsea Finn and Trevor Gale and Lauren Gillespie and Karan Goel and Noah Goodman and Shelby Grossman and Neel Guha and Tatsunori Hashimoto and Peter Henderson and John Hewitt and Daniel E. Ho and Jenny Hong and Kyle Hsu and Jing Huang and Thomas Icard and Saahil Jain and Dan Jurafsky and Pratyusha Kalluri and Siddharth Karamcheti and Geoff Keeling and Fereshte Khani and Omar Khattab and Pang Wei Koh and Mark Krass and Ranjay Krishna and Rohith Kuditipudi and Ananya Kumar and Faisal Ladhak and Mina Lee and Tony Lee and Jure Leskovec and Isabelle Levent and Xiang Lisa Li and Xuechen Li and Tengyu Ma and Ali Malik and Christopher D. Manning and Suvir Mirchandani and Eric Mitchell and Zanele Munyikwa and Suraj Nair and Avanika Narayan and Deepak Narayanan and Ben Newman and Allen Nie and Juan Carlos Niebles and Hamed Nilforoshan and Julian Nyarko and Giray Ogut and Laurel Orr and Isabel Papadimitriou and Joon Sung Park and Chris Piech and Eva Portelance and Christopher Potts and Aditi Raghunathan and Rob Reich and Hongyu Ren and Frieda Rong and Yusuf Roohani and Camilo Ruiz and Jack Ryan and Christopher Ré and Dorsa Sadigh and Shiori Sagawa and Keshav Santhanam and Andy Shih and Krishnan Srinivasan and Alex Tamkin and Rohan Taori and Armin W. Thomas and Florian Tramèr and Rose E. Wang and William Wang and Bohan Wu and Jiajun Wu and Yuhuai Wu and Sang Michael Xie and Michihiro Yasunaga and Jiaxuan You and Matei Zaharia and Michael Zhang and Tianyi Zhang and Xikun Zhang and Yuhui Zhang and Lucia Zheng and Kaitlyn Zhou and Percy Liang},
      year={2022},
      journal={arXiv preprint arXiv:2108.07258}
}

@article{mökander2023auditing,
      title={Auditing large language models: A three-layered approach}, 
      author={Jakob Mökander and Jonas Schuett and Hannah Rose Kirk and Luciano Floridi},
      year={2023},
      journal={arXiv preprint arXiv:2302.08500}
}

@article{ganguli2022red,
      title={Red Teaming Language Models to Reduce Harms: Methods, Scaling Behaviors, and Lessons Learned}, 
      author={Deep Ganguli and Liane Lovitt and Jackson Kernion and Amanda Askell and Yuntao Bai and Saurav Kadavath and Ben Mann and Ethan Perez and Nicholas Schiefer and Kamal Ndousse and Andy Jones and Sam Bowman and Anna Chen and Tom Conerly and Nova DasSarma and Dawn Drain and Nelson Elhage and Sheer El-Showk and Stanislav Fort and Zac Hatfield-Dodds and Tom Henighan and Danny Hernandez and Tristan Hume and Josh Jacobson and Scott Johnston and Shauna Kravec and Catherine Olsson and Sam Ringer and Eli Tran-Johnson and Dario Amodei and Tom Brown and Nicholas Joseph and Sam McCandlish and Chris Olah and Jared Kaplan and Jack Clark},
      year={2022},
      journal={arXiv preprint arXiv:2209.07858}
}

@article{perez2022red,
      title={Red Teaming Language Models with Language Models}, 
      author={Ethan Perez and Saffron Huang and Francis Song and Trevor Cai and Roman Ring and John Aslanides and Amelia Glaese and Nat McAleese and Geoffrey Irving},
      year={2022},
      journal={arXiv preprint arXiv:2202.03286}
}

@article{rando2022redteaming,
      title={Red-Teaming the {Stable Diffusion} Safety Filter}, 
      author={Javier Rando and Daniel Paleka and David Lindner and Lennart Heim and Florian Tramèr},
      year={2022},
      journal={arXiv preprint arXiv:2210.04610}
}

@article{weidinger2021ethical,
      title={Ethical and social risks of harm from Language Models}, 
      author={Laura Weidinger and John Mellor and Maribeth Rauh and Conor Griffin and Jonathan Uesato and Po-Sen Huang and Myra Cheng and Mia Glaese and Borja Balle and Atoosa Kasirzadeh and Zac Kenton and Sasha Brown and Will Hawkins and Tom Stepleton and Courtney Biles and Abeba Birhane and Julia Haas and Laura Rimell and Lisa Anne Hendricks and William Isaac and Sean Legassick and Geoffrey Irving and Iason Gabriel},
      year={2021},
      journal={arXiv preprint arXiv:2112.04359}
}

@article{brundage2020trustworthy,
      title={Toward Trustworthy {AI} Development: Mechanisms for Supporting Verifiable Claims}, 
      author={Miles Brundage and Shahar Avin and Jasmine Wang and Haydn Belfield and Gretchen Krueger and Gillian Hadfield and Heidy Khlaaf and Jingying Yang and Helen Toner and Ruth Fong and Tegan Maharaj and Pang Wei Koh and Sara Hooker and Jade Leung and Andrew Trask and Emma Bluemke and Jonathan Lebensold and Cullen O'Keefe and Mark Koren and Théo Ryffel and JB Rubinovitz and Tamay Besiroglu and Federica Carugati and Jack Clark and Peter Eckersley and Sarah de Haas and Maritza Johnson and Ben Laurie and Alex Ingerman and Igor Krawczuk and Amanda Askell and Rosario Cammarota and Andrew Lohn and David Krueger and Charlotte Stix and Peter Henderson and Logan Graham and Carina Prunkl and Bianca Martin and Elizabeth Seger and Noa Zilberman and Se\'an \'O h\'Eigeartaigh and Frens Kroeger and Girish Sastry and Rebecca Kagan and Adrian Weller and Brian Tse and Elizabeth Barnes and Allan Dafoe and Paul Scharre and Ariel Herbert-Voss and Martijn Rasser and Shagun Sodhani and Carrick Flynn and Thomas Krendl Gilbert and Lisa Dyer and Saif Khan and Yoshua Bengio and Markus Anderljung},
      year={2020},
      journal={arXiv preprint arXiv:2004.07213}
}


% Papers

@article{schuett2022risk,
    title={Risk management in the {Artificial Intelligence Act}},
    author={Jonas Schuett},
    journal={European Journal of Risk Regulation},
    pages={1--19},
    year={2023}
}

@article{urbina2022dual,
    title={Dual use of artificial-intelligence-powered drug discovery},
    author={Urbina, Fabio and Lentzos, Filippa and Invernizzi, C{\'e}dric and Ekins, Sean},
    journal={Nature Machine Intelligence},
    volume={4},
    number={3},
    pages={189--191},
    year={2022}
}

@article{degrave2022magnetic,
    title={Magnetic control of tokamak plasmas through deep reinforcement learning},
    author={Degrave, Jonas and Felici, Federico and Buchli, Jonas and Neunert, Michael and Tracey, Brendan and Carpanese, Francesco and Ewalds, Timo and Hafner, Roland and Abdolmaleki, Abbas and de Las Casas, Diego and others},
    journal={Nature},
    volume={602},
    number={7897},
    pages={414--419},
    year={2022},
    publisher={Nature Publishing Group}
}

@article{klonick2020facebook,
    title={The {Facebook Oversight Board}: Creating an independent institution to adjudicate online free expression},
    author={Klonick, Kate},
    journal={Yale Law Journal},
    volume={129},
    number={2418},
    year={2020}
}

@article{wong2022meta,
    title={{Meta’s Oversight Board}: A review and critical assessment},
    author={Wong, David and Floridi, Luciano},
    journal={Minds and Machines},
    pages={1--24},
    year={2022}
}

@article{morley2021ethics,
    title={Ethics as a service: a pragmatic operationalisation of {AI} ethics},
    author={Morley, Jessica and Elhalal, Anat and Garcia, Francesca and Kinsey, Libby and M{\"o}kander, Jakob and Floridi, Luciano},
    journal={Minds and Machines},
    volume={31},
    number={2},
    pages={239--256},
    year={2021}
}

@article{bernstein2021ethics,
    title={Ethics and society review: Ethics reflection as a precondition to research funding},
    author={Bernstein, Michael S and Levi, Margaret and Magnus, David and Rajala, Betsy A and Satz, Debra and Waeiss, Quinn},
    journal={Proceedings of the National Academy of Sciences},
    volume={118},
    number={52},
    year={2021},
}

@article{aven2013meaning,
    title={On the meaning of a black swan in a risk context},
    author={Aven, Terje},
    journal={Safety Science},
    volume={57},
    pages={44--51},
    year={2013}
}

@article{kolt2023algorithmic,
    title={Algorithmic Black Swans},
    author={Kolt, Noam},
    journal={Washington University Law Review},
    volume={101},
    year={2023}
}

@article{cihon2021corporate,
    title={Corporate governance of artificial intelligence in the public interest},
    author={Cihon, Peter and Schuett, Jonas and Baum, Seth D},
    journal={Information},
    volume={12},
    number={7},
    year={2021}
}

@article{davies2018three,
    title={Three lines of defence: A robust organising framework, or just lines in the sand?},
    author={Davies, Howard and Zhivitskaya, Maria},
    journal={Global Policy},
    volume={9},
    pages={34--42},
    year={2018}
}

@article{silver2021reward,
    title={Reward is enough},
    author={Silver, David and Singh, Satinder and Precup, Doina and Sutton, Richard S},
    journal={Artificial Intelligence},
    volume={299},
    year={2021}
}

@article{bostrom2001analyzing,
    title={Existential risks: Analyzing human extinction scenarios and related hazards},
    author={Bostrom, Nick},
    journal={Journal of Evolution and Technology},
    volume={9},
    number={1},
    year={2001}
}

@article{armstrong2016racing,
    title={Racing to the precipice: A model of artificial intelligence development},
    author={Armstrong, Stuart and Bostrom, Nick and Shulman, Carl},
    journal={AI \& Society},
    volume={31},
    pages={201--206},
    year={2016}
}

@article{naude2020race,
    title={The race for an artificial general intelligence: implications for public policy},
    author={Naud{\'e}, Wim and Dimitri, Nicola},
    journal={AI \& Society},
    volume={35},
    pages={367--379},
    year={2020}
}

@article{grimes2019anchors,
    title={Anchors aweigh: The sources, variety, and challenges of mission drift},
    author={Grimes, Matthew G and Williams, Trenton Alma and Zhao, Eric Yanfei},
    journal={Academy of Management Review},
    volume={44},
    number={4},
    pages={819--845},
    year={2019}
}

@article{maas2019viable,
    title={How viable is international arms control for military artificial intelligence? Three lessons from nuclear weapons},
    author={Maas, Matthijs M},
    journal={Contemporary Security Policy},
    volume={40},
    number={3},
    pages={285--311},
    year={2019}
}

@article{bostrom2019vulnerable,
    title={The vulnerable world hypothesis},
    author={Bostrom, Nick},
    journal={Global Policy},
    volume={10},
    number={4},
    pages={455--476},
    year={2019}
}

@article{bostrom2011information,
    title={Information hazards: A typology of potential harms from knowledge},
    author={Bostrom, Nick},
    journal={Review of Contemporary Philosophy},
    volume={10},
    pages={44--79},
    year={2011}
}

@article{srikumar2022advancing,
    title={Advancing ethics review practices in {AI} research},
    author={Srikumar, Madhulika and Finlay, Rebecca and Abuhamad, Grace and Ashurst, Carolyn and Campbell, Rosie and Campbell-Ratcliffe, Emily and Hongo, Hudson and Jordan, Sara R and Lindley, Joseph and Ovadya, Aviv and others},
    journal={Nature Machine Intelligence},
    volume={4},
    number={12},
    pages={1061--1064},
    year={2022}
}

@article{cotton2020defence,
    title={Defence in depth against human extinction: Prevention, response, resilience, and why they all matter},
    author={Cotton-Barratt, Owen and Daniel, Max and Sandberg, Anders},
    journal={Global Policy},
    volume={11},
    number={3},
    pages={271--282},
    year={2020}
}

@article{van2011risk,
    title={Risk governance},
    author={Van Asselt, Marjolein BA and Renn, Ortwin},
    journal={Journal of Risk Research},
    volume={14},
    number={4},
    pages={431--449},
    year={2011}
}

@article{lundqvist2015firms,
    title={Why firms implement risk governance: Stepping beyond traditional risk management to enterprise risk management},
    author={Lundqvist, Sara A},
    journal={Journal of Accounting and Public Policy},
    volume={34},
    number={5},
    pages={441--466},
    year={2015}
}

@article{mokander2022operationalising,
    title={Operationalising {AI} governance through ethics-based auditing: An industry case study},
    author={M{\"o}kander, Jakob and Floridi, Luciano},
    journal={AI and Ethics},
    pages={1--18},
    year={2022}
}

@article{jobin2019global,
    title={The global landscape of {AI} ethics guidelines},
    author={Jobin, Anna and Ienca, Marcello and Vayena, Effy},
    journal={Nature Machine Intelligence},
    volume={1},
    number={9},
    pages={389--399},
    year={2019}
}

@article{hagendorff2020ethics,
    title={The ethics of {AI} ethics: An evaluation of guidelines},
    author={Hagendorff, Thilo},
    journal={Minds and Machines},
    volume={30},
    number={1},
    pages={99--120},
    year={2020}
}

@article{mittelstadt2019principles,
    title={Principles alone cannot guarantee ethical {AI}},
    author={Mittelstadt, Brent},
    journal={Nature machine intelligence},
    volume={1},
    number={11},
    pages={501--507},
    year={2019}
}

@article{morley2020initial,
    title={From what to how: an initial review of publicly available {AI} ethics tools, methods and research to translate principles into practices},
    author={Morley, Jessica and Floridi, Luciano and Kinsey, Libby and Elhalal, Anat},
    journal={Science and Engineering Ethics},
    volume={26},
    number={4},
    pages={2141--2168},
    year={2020}
}

@article{zhou2022ai,
    title={{AI} ethics: From principles to practice},
    author={Zhou, Jianlong and Chen, Fang},
    journal={AI \& Society},
    pages={1--11},
    year={2022}
}

@article{baldwin2016driving,
    title={Driving Priorities in Risk-Based Regulation: What's the Problem?},
    author={Baldwin, Robert and Black, Julia},
    journal={Journal of Law and Society},
    volume={43},
    number={4},
    pages={565--595},
    year={2016}
}

@article{mahler2021between,
    title={Between risk management and proportionality: The risk-based approach in the {EU’s Artificial Intelligence Act} proposal},
    author={Mahler, Tobias},
    journal={Nordic Yearbook of Law and Informatics},
    year={2021}
}

@article{mokander2021ethics,
    title={Ethics-based auditing of automated decision-making systems: Nature, scope, and limitations},
    author={M{\"o}kander, Jakob and Morley, Jessica and Taddeo, Mariarosaria and Floridi, Luciano},
    journal={Science and Engineering Ethics},
    volume={27},
    number={44},
    year={2021}
}

@article{falco2021governing,
    title={Governing {AI} safety through independent audits},
    author={Falco, Gregory and Shneiderman, Ben and Badger, Julia and Carrier, Ryan and Dahbura, Anton and Danks, David and Eling, Martin and Goodloe, Alwyn and Gupta, Jerry and Hart, Christopher and others},
    journal={Nature Machine Intelligence},
    volume={3},
    number={7},
    pages={566--571},
    year={2021}
}

@article{chamberlain2022risk,
    title={The Risk-Based Approach of the {European Union’s} Proposed Artificial Intelligence Regulation: Some Comments from a Tort Law Perspective},
    author={Chamberlain, Johanna},
    journal={European Journal of Risk Regulation},
    volume={14},
    number={1},
    pages={1--13},
    year={2022}
}

@article{crofts2020negotiating,
    title={Negotiating 'evil': {Google}, {Project Maven} and the corporate form},
    author={Crofts, Penny and van Rijswijk, Honni},
    journal={Law, Technology and Humans},
    volume={2},
    number={1},
    pages={1--16},
    year={2020}
}

@article{seger2022defence,
    title={In defence of principlism in {AI} ethics and governance},
    author={Seger, Elizabeth},
    journal={Philosophy \& Technology},
    volume={35},
    number={2},
    pages={45},
    year={2022}
}

@article{jubb1999whistleblowing,
    title={Whistleblowing: A restrictive definition and interpretation},
    author={Jubb, Peter B},
    journal={Journal of Business Ethics},
    volume={21},
    pages={77--94},
    year={1999}
}

@article{dungan2015psychology,
    title={The psychology of whistleblowing},
    author={Dungan, James and Waytz, Adam and Young, Liane},
    journal={Current Opinion in Psychology},
    volume={6},
    pages={129--133},
    year={2015}
}

@article{bjorkelo2013workplace,
    title={Workplace bullying after whistleblowing: Future research and implications},
    author={Bj{\o}rkelo, Brita},
    journal={Journal of Managerial Psychology},
    volume={28},
    number={3},
    pages={306--323},
    year={2013}
}

@article{near1995effective,
    title={Effective whistle-blowing},
    author={Near, Janet P and Miceli, Marcia P},
    journal={Academy of management review},
    volume={20},
    number={3},
    pages={679--708},
    year={1995}
}

@article{apaza2011makes,
    title={What makes whistleblowing effective: Whistleblowing in {Peru} and {South Korea}},
    author={Apaza, Carmen R and Chang, Yongjin},
    journal={Public Integrity},
    volume={13},
    number={2},
    pages={113--130},
    year={2011}
}

@article{mohamed2020decolonial,
    title={Decolonial {AI}: Decolonial theory as sociotechnical foresight in artificial intelligence},
    author={Mohamed, Shakir and Png, Marie-Therese and Isaac, William},
    journal={Philosophy \& Technology},
    volume={33},
    pages={659--684},
    year={2020}
}

@article{posner2014quadratic,
    title={Quadratic voting as efficient corporate governance},
    author={Posner, Eric A and Weyl, E Glen},
    journal={The University of Chicago Law Review},
    volume={81},
    number={1},
    pages={251--272},
    year={2014}
}

@article{floridi2021translating,
    title={Translating principles into practices of digital ethics: Five risks of being unethical},
    author={Floridi, Luciano},
    journal={Ethics, Governance, and Policies in Artificial Intelligence},
    pages={81--90},
    year={2021}
}


% Books

@book{taleb2007black,
  title={The Black Swan: The Impact of the Highly Improbable},
  author={Taleb, Nassim Nicholas},
  year={2007},
  publisher={Random House}
}

@book{ord2020precipice,
  title={The precipice: Existential risk and the future of humanity},
  author={Ord, Toby},
  year={2020},
  publisher={Hachette Books}
}


% Proceedings

@inproceedings{ashurst2022disentangling,
    title={Disentangling the Components of Ethical Research in Machine Learning},
    author={Ashurst, Carolyn and Barocas, Solon and Campbell, Rosie and Raji, Deborah},
    booktitle={2022 ACM Conference on Fairness, Accountability, and Transparency},
    pages={2057--2068},
    year={2022}
}

@inproceedings{shevlane2020offense,
    title={The Offense-Defense Balance of Scientific Knowledge: Does Publishing {AI} Research Reduce Misuse?},
    author={Shevlane, Toby and Dafoe, Allan},
    booktitle={Proceedings of the AAAI/ACM Conference on AI, Ethics, and Society},
    pages={173--179},
    year={2020}
}

 @inproceedings{cave2018ai,
    title={An {AI} race for strategic advantage: Rhetoric and risks},
    author={Cave, Stephen and {\'O}h{\'E}igeartaigh, Se{\'a}n S},
    booktitle={Proceedings of the 2018 AAAI/ACM Conference on AI, Ethics, and Society},
    pages={36--40},
    year={2018}
}

@inproceedings{ashurst2022ai,
    title={{AI} ethics statements: Analysis and lessons learnt from {NeurIPS} broader impact statements},
    author={Ashurst, Carolyn and Hine, Emmie and Sedille, Paul and Carlier, Alexis},
    booktitle={2022 ACM Conference on Fairness, Accountability, and Transparency},
    pages={2047--2056},
    year={2022}
}

@inproceedings{raji2019actionable,
    title={Actionable auditing: Investigating the impact of publicly naming biased performance results of commercial {AI} products},
    author={Raji, Inioluwa Deborah and Buolamwini, Joy},
    booktitle={Proceedings of the 2019 AAAI/ACM Conference on AI, Ethics, and Society},
    pages={429--435},
    year={2019}
}

@inproceedings{raji2022outsider,
    title={Outsider oversight: Designing a third party audit ecosystem for {AI} governance},
    author={Raji, Inioluwa Deborah and Xu, Peggy and Honigsberg, Colleen and Ho, Daniel},
    booktitle={Proceedings of the 2022 AAAI/ACM Conference on AI, Ethics, and Society},
    pages={557--571},
    year={2022}
}

@inproceedings{yudkowsky2008cognitive,
    title={Cognitive biases potentially affecting judgment of global risks},
    author={Yudkowsky, Eliezer},
    booktitle={Global catastrophic risks},
    pages={91--119},
    year={2008}
}

@inproceedings{belfield2020activism,
    title={Activism by the {AI} community: Analysing recent achievements and future prospects},
    author={Belfield, Haydn},
    booktitle={Proceedings of the AAAI/ACM Conference on AI, Ethics, and Society},
    pages={15--21},
    year={2020}
}

@inproceedings{bietti2020ethics,
    title={From ethics washing to ethics bashing: A view on tech ethics from within moral philosophy},
    author={Bietti, Elettra},
    booktitle={Proceedings of the 2020 Conference on Fairness, Accountability, and Transparency},
    pages={210--219},
    year={2020}
}

@inproceedings{lalley2018quadratic,
    title={Quadratic voting: How mechanism design can radicalize democracy},
    author={Lalley, Steven P and Weyl, E Glen},
    booktitle={AEA Papers and Proceedings},
    volume={108},
    pages={33--37},
    year={2018}
}

@inproceedings{jordan2019designing,
    title={Designing artificial intelligence review boards: creating risk metrics for review of {AI}},
    author={Jordan, Sara R},
    booktitle={2019 IEEE International Symposium on Technology and Society (ISTAS)},
    pages={1--7},
    year={2019}
}

@inproceedings{shevlane2022structured,
    title={Structured Access: An Emerging Paradigm for Safe {AI} Deployment},
    author={Shevlane, Toby},
    booktitle={The Oxford Handbook of AI Governance},
    year={2022}
}


% Reports

 @article{sandler2019building,
    title={Building data and {AI} ethics committees},
    author={Sandler, Ronald and Basl, John and Tiell, Steven},
    journal={Accenture \& Northeastern University},
    year={2019}
}

 @article{newman2020decisionpoints,
    title={Decision Points in {AI} Governance},
    author={Jessica Newman},
    journal={Center for Long-Term Cybersecurity, UC Berkeley},
    year={2020}
}

@article{arnold2021aiaccidents,
    title={{AI} Accidents: An Emerging Threat},
    author={Zachary Arnold and Helen Toner},
    journal={Center for Security and Emerging Technology, Georgetown University},
    year={2021}
}

 @article{adalovelace2022looking, 
    title={Looking before we leap},
    author={Mylene Petermann and Niccolo Tempini and Ismael Kherroubi Garcia and Kirstie Whitaker and Andrew Strait},
    journal={Ada Lovelace Institute}, 
    year={2022}
 }

@article{seger2020tackling,
    title={Tackling threats to informed decision-making in democratic societies: Promoting epistemic security in a technologically-advanced world},
    author={Seger, Elizabeth and Avin, Shahar and Pearson, Gavin and Briers, Mark and Heigeartaigh, Se{\'a}n {\'O} and Bacon, Helena and Ajder, Henry and Alderson, Claire and Anderson, Fergus and Baddeley, Joseph and others},
    journal={The Alan Turing Institute},
    year={2020}
}

@article{hunt2020flight,
    title={The Flight to Safety-Critical {AI}},
    author={Will Hunt},
    journal={Center for Long-Term Cybersecurity, UC Berkeley},
    year={2020}
}


% Other

@misc{oversightboard2023website,
      author={{Oversight Board}},
      year={2023},
      howpublished={\url{https://www.oversightboard.com}}
}

@misc{microsoft2023ourapproach,
      title={Our approach},
      author={Microsoft},
      year={2023},
      howpublished={\url{https://www.microsoft.com/en-us/ai/our-approach}}
}

@misc{deepmind2023humanrightspolicy,
      title={Human Rights Policy}, 
      author={{DeepMind}},
      year={2022},
      howpublished={\url{https://www.deepmind.com/human-rights-policy}}
}

@misc{deepmind2023principles,
      title={How our principles helped define {AlphaFold’s} release}, 
      author={Koray Kavukcuoglu and Pushmeet Kohli and Lila Ibrahim and Dawn Bloxwich and Sasha Brown},
      year={2022},
      howpublished={\url{https://www.deepmind.com/blog/how-our-principles-helped-define-alphafolds-release}}
}

@article{piper2019googlefail,
      title={Google’s brand-new {AI} ethics board is already falling apart}, 
      author={Kelsey Piper},
      year={2019},
      journal={Vox},
      howpublished={\url{https://www.vox.com/future-perfect/2019/4/3/18292526/google-ai-ethics-board-letter-acquisti-kay-coles-james}}
}

@misc{acquisti2019tweet,
      author={Alessandro Aquisti},
      howpublished={\url{https://twitter.com/ssnstudy/status/1112099054551515138}},
      year={2019}
}

@misc{walker2019external,
    title={An external advisory council to help advance the responsible development of {AI}},
    author={Walker, K},
    year={2019},
    howpublished={\url{https://blog.google/technology/ai/external-advisory-council-help-advance-responsible-development-ai/}}
}

 @misc{smith2022axon, 
    title={Axon committed to listening and learning so that we can fulfill our mission to protect life, together},
    author={Smith, Rick},
    howpublished={\url{https://www.axon.com/news/technology/axon-committed-to-listening-and-learning}},
    year={2022}
}

@article{policing2022resigning, 
    title={Statement of Resigning {Axon AI} Ethics Board Members},
    author={Barry Friedman and Wael Abd-Almageed and Miles Brundage and Ryan Calo and Danielle Citron and Rebekah Delsol and Chris Harris and Jennifer Lynch and Mecole McBride}, 
    journal={Policing Project},
    howpublished={\url{https://www.policingproject.org/statement-of-resigning-axon-ai-ethics-board-members}}, 
    year={2022}
 }

@article{tiell2019create,
    title={Create an ethics committee to keep your {AI} Initiative in check},
    author={Tiell, Steven},
    journal={Harvard Business Review},
    volume={15},
    year={2019}
}

 @article{gupta2020ai,
    title={{AI} ethics groups are repeating one of society’s classic mistakes},
    author={Gupta, Abhishek and Heath, Victoria},
    journal={MIT Technology Review},
    year={2020}
}

@article{sandbrink2022differential,
    title={Differential technology development: A responsible innovation principle for navigating technology risks},
    author={Sandbrink, Jonas and Hobbs, Hamish and Swett, Jacob and Dafoe, Allan and Sandberg, Anders},
    journal={SSRN},
    year={2022}
}

@article{grant2023googlehelp, 
    title={Google Calls In Help From {Larry Page} and {Sergey Brin} for {A.I.} Fight},
    author={Nico Grant},
    journal={The New York Times},
    howpublished={\url{https://www.nytimes.com/2023/01/20/technology/google-chatgpt-artificial-intelligence.html}}, 
    year={2023}
}
 
 @misc{waters2021rebelai, 
    title={Rebel {AI} group raises record cash after machine learning schism},
    author={Richard Waters and Miles Kruppa},
    journal={Financial Times},
    howpublished={\url{https://www.ft.com/content/8de92f3a-228e-4bb8-961f-96f2dce70ebb}}, 
    year={2021}
}

@misc{microsoft2023openai, 
    title={Microsoft and {OpenAI} extend partnership},
    author={Microsoft},
    howpublished={\url{https://blogs.microsoft.com/blog/2023/01/23/microsoftandopenaiextendpartnership/}},
    year={2023}
}

@article{conger2018pentagonai, 
    title={Google Is Helping the {Pentagon} Build {AI} for Drones},
    author={Kate Conger and Dell Cameron},
    journal={Gizmodo},
    howpublished={\url{https://gizmodo.com/google-is-helping-the-pentagon-build-ai-for-drones-1823464533}},
    year={2018}
}

@article{hoffman2023microsoftchatgpt, 
    title={Microsoft eyes \$10 billion bet on {ChatGPT}},
    author={Liz Hoffman and Reed Albergotti},
    howpublished={\url{https://www.semafor.com/article/01/09/2023/microsoft-eyes-10-billion-bet-on-chatgpt}},
    journal={Semafor},
    year={2023}
 }

@misc{openai2023microsoft, 
    title={{OpenAI} and {Microsoft} extend partnership},
    author={OpenAI},
    url={https://openai.com/blog/openai-and-microsoft-extend-partnership},
    year={2023}
 }

@article{leahy2022conjecture, 
    title={Conjecture: Internal Infohazard Policy},
    author={Connor Leahy and Sid Black and Chris Scammell and Andrea Miotti},
    journal={Alignment Forum},
    howpublished={\url{https://www.alignmentforum.org/posts/Gs29k3beHiqWFZqnn/conjecture-internal-infohazard-policy}}, 
    year={2022},
 }

@misc{openai2022bestpractices, 
    title={Best practices for deploying language models},
    author={{OpenAI}},
    howpublished={\url{https://openai.com/blog/best-practices-for-deploying-language-models}},
    year={2022}
 }

@article{crootof2019artificial,
    title={Artificial intelligence research needs responsible publication norms},
    author={Crootof, Rebecca},
    journal={Lawfare Blog},
    year={2019}
}

@misc{partnershiponai2021managingrisks,
    title={Managing the Risks of {AI} Research},
    author={{Partnership on AI}},
    year={2021}
}

@article{birhane2022power,
    title={Power to the People? {Opportunities} and Challenges for Participatory {AI}},
    author={Birhane, Abeba and Isaac, William and Prabhakaran, Vinodkumar and D{\'\i}az, Mark and Elish, Madeleine Clare and Gabriel, Iason and Mohamed, Shakir},
    journal={Equity and Access in Algorithms, Mechanisms, and Optimization},
    pages={1--8},
    year={2022}
}

@misc{kavukcuoglu2022alphafold, 
    title={How our principles helped define AlphaFold’s release},
    author={Koray Kavukcuoglu and Pushmeet Kohli and Lila Ibrahim and Dawn Bloxwich and Sasha Brown},
    journal={DeepMind},
    howpublished={\url{https://www.deepmind.com/blog/how-our-principles-helped-define-alphafolds-release}},
    year={2022}
 }

 @misc{axon2022ethicsequity, 
    title={Ethics \& {Equity Advisory Council}},
    author={Axon},
    howpublished={\url{https://www.axon.com/eeac}},
    year={2022}
 }

@misc{iso51_2014,
    author = {{ISO/IEC}},
    title = {{Guide 51:2014 Safety aspects — Guidelines for their inclusion in standards}},
    year = {2014}
 }

@misc{iso31000_2018,
    author = {ISO},
    title = {{31000:2018 Risk management — Guidelines}},
    year = {2018}
}

@misc{nist2023artificial,
    title={{Artificial Intelligence Risk Management Framework (AI RMF 1.0})},
    author={NIST},
    year={2023},
}

 @misc{iso23894_2023,
    author = {{ISO/IEC}},
    title = {{23894:2023 Information technology — Artificial intelligence — Guidance on risk management}},
    year = {2023}
 }

@article{thomas2019independence,
    title={Independence With A Purpose: Facebook’s Creative Use Of {Delaware’s} Purpose Trust Statute To Establish Independent Oversight},
    author={Thomas, VC and Duda, JP and Maurer, TG},
    journal={Business Law Today},
    year={2019}
}

@misc{oversightboard2023trustees,
    author={{Oversight Board}},
    title={Trustees},
    howpublished={\url{https://www.oversightboard.com/governance}},
    year={2023}
}

@misc{anthropic2023coreviews,
    author={Anthropic},
    title={Core Views on {AI} Safety: When, Why, What, and How},
    howpublished={\url{https://www.anthropic.com/index/core-views-on-ai-safety}},
    year={2023}
}

 @misc{iec31010_2019,
    author = {{IEC}},
    title = {{31010:2019 Risk management — Risk assessment techniques}},
    year = {2019}
}

@article{openai2022lessonslearned,
    author={Miles Brundage and Katie Mayer and Tyna Eloundou and Sandhini Agarwal and Steven Adler and Gretchen Krueger and Jan Leike and Pamela Mishkin},
    title={Lessons learned on language model safety and misuse},
    journal={OpenAI},
    howpublished={\url{https://openai.com/research/language-model-safety-and-misuse}},
    year={2022}
}

@misc{oversight2022bylaws,
    title={Bylaws},
    author={{Oversight Board}},
    howpublished={\url{https://www.oversightboard.com/sr/governance/bylaws}},
    year={2023}
}

@misc{oversight2023charter,
    title={Charter},
    author={{Oversight Board}},
    howpublished={\url{https://oversightboard.com/attachment/494475942886876/}},
    year={2023}
}

@misc{oversight2022funding,
    title={Securing ongoing funding},
    author={{Oversight Board}},
    howpublished={\url{https://www.oversightboard.com/news/1111826643064185-securing-ongoing-funding-for-the-oversight-board/}},
    year={2022}
}

@article{klonick2021insights,
    title={Insight The Making Of {Facebook's} Supreme Court},
    author={Kate Klonick},
    journal={New Yorker},
    howpublished={\url{https://www.newyorker.com/tech/annals-of-technology/inside-the-making-of-facebooks-supreme-court}},
    year={2021}
}

@misc{microsoft2020principles,
    title={Putting principles into practice: How we approach responsible {AI} at {Microsoft}},
    author={Microsoft},
    howpublished={\url{https://www.microsoft.com/cms/api/am/binary/RE4pKH5}},
    year={2020}
}

@misc{policingproject2020reports,
    title={Reports of the Axon {AI} Ethics Board},
    author={{Policing Project}},
    howpublished={\url{https://www.policingproject.org/axon}},
    year={2020}
}

@misc{axon2019policing,
    title={First Report of the {Axon AI \& Policing Technology Ethics Board}},
    author={Axon},
    year={2019}
}

@misc{oversightboard2023members,
    title={Our Commitment},
    author={{Oversight Board}},
    howpublished={\url{https://www.oversightboard.com/meet-the-board/}},
    year={2023}
}

@article{transphobia2019googlers,
    title={Googlers against transphobia and hate},
    author={{Googlers Against Transphobia}},
    journal={Medium},
    howpublished={\url{https://medium.com/@against.transphobia/googlers-against-transphobia-and-hate-b1b0a5dbf76}},
    year={2019}
}