@misc{tai,
    author={Holden Karnofsky},
    title={Some Background on Our Views Regarding Advanced Artificial Intelligence - Open Philanthropy},
    year={2016},
    url={https://www.openphilanthropy.org/research/some-background-on-our-views-regarding-advanced-artificial-intelligence/}
}

@article{bostrom1998,
    title={How long before superintelligence?},
    author={Bostrom, Nick},
    journal={International Journal of Futures Studies},
    volume={2},
    year={1998},
    url={https://nickbostrom.com/superintelligence}
}

@misc{forecastingtai,
    author={Ajeya Cotra},
    title={Forecasting TAI with biological anchors},
    year={2020},
    url={https://docs.google.com/document/d/1IJ6Sr-gPeXdSJugFulwIpvavc0atjHGM82QjIfUSBGQ/}
}

@article{bostrom2013existential,
    title={Existential risk prevention as global priority},
    author={Bostrom, Nick},
    journal={Global Policy},
    volume={4},
    number={1},
    pages={15--31},
    year={2013},
    publisher={Wiley Online Library},
    url={https://existential-risk.org/concept}
}

@article{stronglongtermism,
    title={The case for strong longtermism},
    author={Greaves, Hilary and MacAskill, William},
    journal={GPI Working},
    year={2019},
    url={https://globalprioritiesinstitute.org/hilary-greaves-william-macaskill-the-case-for-strong-longtermism-2/}
}

@misc{aiimpactssurvey,
    author={Katja Grace and Ben Weinstein-Raun and Zach Stein-Perlman},
    title={2022 Expert Survey on Progress in AI â€“ AI Impacts},
    year={2022},
    url={https://aiimpacts.org/2022-expert-survey-on-progress-in-ai/}
}

@incollection{survey,
    title={Future progress in artificial intelligence: A survey of expert opinion},
    author={M{\"u}ller, Vincent C and Bostrom, Nick},
    booktitle={Fundamental issues of artificial intelligence},
    pages={555--572},
    year={2016},
    publisher={Springer},
    url={https://nickbostrom.com/papers/survey.pdf}
}

@book{superintelligence,
    author={Bostrom, Nick},
    title={Superintelligence: Paths, Dangers, Strategies},
    year={2014},
    isbn={0199678111},
    publisher={Oxford University Press, Inc.}
}

@book{theprecipice,
    title={The Precipice: Existential Risk and the Future of Humanity},
    author={Ord, Toby},
    year={2020},
    publisher={Hachette Books}
}

@article{vulnerable,
    title={The vulnerable world hypothesis},
    author={Bostrom, Nick},
    journal={Global Policy},
    volume={10},
    number={4},
    pages={455--476},
    year={2019},
    publisher={Wiley Online Library},
    url={https://nickbostrom.com/papers/vulnerable.pdf}
}

@article{globalcatastrophicriskssurvey,
  title={Global catastrophic risks survey},
  author={Sandberg, Anders and Bostrom, Nick},
  journal={civil wars},
  volume={98},
  number={30},
  pages={4},
  year={2008},
  url={https://www.global-catastrophic-risks.com/docs/2008-1.pdf}
}

@misc{metaculus,
    title={Date of Artificial General Intelligence | Metaculus},
    year={2022},
    url={https://www.metaculus.com/questions/5121/date-of-artificial-general-intelligence/}
}

@misc{twoyearupdate,
    author={Ajeya Cotra},
    title={Two-year update on my personal AI timelines},
    year={2022},
    url={https://www.alignmentforum.org/posts/AfH2oPHCApdKicM4m/two-year-update-on-my-personal-ai-timelines}
}

@misc{withoutspecificcountermeasures,
    author={Ajeya Cotra},
    title={Without specific countermeasures, the easiest path to transformative AI likely leads to AI takeover},
    year={2022},
    url={https://www.alignmentforum.org/posts/pRkFkzwKZ2zfa3R6H/without-specific-countermeasures-the-easiest-path-to}
}

@misc{bounties,
    title={\$20K In Bounties for AI Safety Public Materials},
    author={Dan Hendryks and Thomas Woodside and Oliver Zhang},
    year={2022},
    url={https://www.alignmentforum.org/posts/gWM8cgZgZ9GQAYTqF/usd20k-in-bounties-for-ai-safety-public-materials}
}

@misc{pivotal,
    title={Pivotal act},
    url={https://arbital.com/p/pivotal/}
}

@article{hendrycks2022x,
  title={X-Risk Analysis for AI Research},
  author={Hendrycks, Dan and Mazeika, Mantas},
  journal={arXiv preprint arXiv:2206.05862},
  year={2022},
  url={https://arxiv.org/abs/2206.05862}
}

@article{environmentalresearch,
  title={Is bigger necessarily better for environmental research?},
  author={Van der Wal, Ren{\'e} and Fischer, Anke and Marquiss, Mick and Redpath, Steve and Wanless, Sarah},
  journal={Scientometrics},
  volume={78},
  number={2},
  pages={317--322},
  year={2009},
  publisher={Akad{\'e}miai Kiad{\'o}, co-published with Springer Science+ Business Media BV},
  url={https://akjournals.com/view/journals/11192/78/2/article-p317.xml}
}

@article{existentialriskhistory,
  title={Existential risk and human extinction: An intellectual history},
  author={Moynihan, Thomas},
  journal={Futures},
  volume={116},
  pages={102495},
  year={2020},
  publisher={Elsevier},
  url={https://www.sciencedirect.com/science/article/pii/S001632871930357X}
}

@book{whatweowethefuture,
    title={What We Owe the Future},
    author={MacAskill, William},
    year={2020},
    publisher={Hachette Books}
}

@misc{safeaicompetitions,
    title={A compilation of competitions and prizes that relate to AI risk},
    url={https://safe.ai/competitions}
}

@misc{parler,
    title={Amazon Suspends Parler App From Its Web Services, Effective Immediately},
    author={Scott McDonald},
    year={2021},
    url={https://www.newsweek.com/amazon-suspends-parler-app-web-services-1560366}
}
