% Intro
@misc{IBM,
	Title = {{IBM} {G}lobal {AI} {A}doption {I}ndex},
	note = {URL: \url{https://www.ibm.com/downloads/cas/GVAGA3JP}},
    author = {IBM},
	Year = {2022}}
@misc{PwC,
	Title = {{PwC} 2022 {AI} {B}usiness {S}urvey},
	note = {URL: \url{https://www.pwc.com/us/en/tech-effect/ai-analytics/ai-business-survey.html}},
    author = {PwC (PriceWaterhouseCoopers)},
	Year = {2022}}
@misc{KPMG,
    Title = {{AI} adoption accelerated during the pandemic but many say it’s moving too fast: {KPMG} survey},
    note = {URL: \url{https://info.kpmg.us/news-perspectives/technology-innovation/thriving-in-an-ai-world/ai-adoption-accelerated-during-pandemic.html}},
    author = {KPMG},
    Year = {2021}}
    
@article{hbr,
    Author = {Joe McKendrick},
    Journal = {Harvard Business Review},
    Title = {{AI} {A}doption {S}kyrocketed {O}ver {t}he {L}ast 18 {M}onths.},
    note = {URL: \url{https://hbr.org/2021/09/ai-adoption-skyrocketed-over-the-last-18-months}},
    Year = {2021}}
@misc{ai_incidents,
    title={{AI} {I}ncident {D}atabase},
    author = {Artificial Intelligence Incident Database},
    year = {2022},
    note = {URL: \url{https://incidentdatabase.ai/}}},
% Security
@article{security_of_ml,
  	title={The {S}ecurity of {M}achine {L}earning},
 	author={Barreno, Marco and Nelson, Blaine and Joseph, Anthony D and Tygar, J Doug},
  	journal={Machine Learning},
  	volume={81},
  	number={2},
  	pages={121--148},
  	year={2010},
  	publisher={Springer},
	note={URL: \url{https://people.eecs.berkeley.edu/~adj/publications/paper-files/SecML-MLJ2010.pdf}}}
@inproceedings{papernot2018marauder,
  	title={A {M}arauder's {M}ap of {S}ecurity and {P}rivacy in {M}achine {L}earning: {A}n overview of current and future research directions for making machine learning secure and private},
  	author={Papernot, Nicolas},
  	booktitle={Proceedings of the 11th ACM Workshop on Artificial Intelligence and Security},
  	year={2018},
  	organization={ACM},
	note={URL: \url{https://arxiv.org/pdf/1811.01134.pdf}}}
@inproceedings{membership_inference,
 	title={Membership {I}nference {A}ttacks {A}gainst {M}achine {L}earning {M}odels},
 	author={Shokri, Reza and Stronati, Marco and Song, Congzheng and Shmatikov, Vitaly},
 	booktitle={2017 IEEE Symposium on Security and Privacy (SP)},
 	pages={3--18},
 	year={2017},
 	organization={IEEE}, 
	note={URL: \url{https://arxiv.org/pdf/1610.05820.pdf}}}	
@inproceedings{model_stealing,
	title={Stealing {M}achine {L}earning {M}odels via {P}rediction {A}{P}{I}s},
	author={Tram{\`e}r, Florian and Zhang, Fan and Juels, Ari and Reiter, Michael K and Ristenpart, Thomas},
	booktitle={25th $\{$USENIX$\}$ Security Symposium ($\{$USENIX$\}$ Security 16)},
	pages={601--618},
	year={2016},
	note={URL: \url{https://www.usenix.org/system/files/conference/usenixsecurity16/sec16_paper_tramer.pdf}}}

% Explanations
@book{molnar,
    title={{I}nterpretable {M}achine {L}earning},
    author={Christopher Molnar},
    year={2022},
    note={URL: \url{https://christophm.github.io/interpretable-ml-book/}}}

@article{gunning2019xai,
  title={XAI—Explainable artificial intelligence},
  author={Gunning, David and Stefik, Mark and Choi, Jaesik and Miller, Timothy and Stumpf, Simone and Yang, Guang-Zhong},
  journal={Science robotics},
  volume={4},
  number={37},
  pages={eaay7120},
  year={2019},
  publisher={American Association for the Advancement of Science}
}

@article{arrieta2020explainable,
  title={Explainable Artificial Intelligence (XAI): Concepts, taxonomies, opportunities and challenges toward responsible AI},
  author={Arrieta, Alejandro Barredo and D{\'\i}az-Rodr{\'\i}guez, Natalia and Del Ser, Javier and Bennetot, Adrien and Tabik, Siham and Barbado, Alberto and Garc{\'\i}a, Salvador and Gil-L{\'o}pez, Sergio and Molina, Daniel and Benjamins, Richard and others},
  journal={Information fusion},
  volume={58},
  pages={82--115},
  year={2020},
  publisher={Elsevier}
}

% Bias
@misc{bias,
    title={{F}airness and {M}achine {L}earning: {L}imitaions and {O}pportunities},
    author={Barocas, S. and Hardt, M. and Narayanan, A.},
    year={2022},
    note={URL: \url{https://fairmlbook.org/pdf/fairmlbook.pdf}}}
    
@misc{bias_nist,
  author = {Reva Schwartz and Apostol Vassilev and Kristen Greene and Lori Perine and Andrew Burt and Patrick Hall},
  title = {Towards a Standard for Identifying and Managing Bias in Artificial Intelligence},
  year = {2022},
  month = {2022-03-15 04:03:00},
  publisher = {Special Publication (NIST SP), National Institute of Standards and Technology, Gaithersburg, MD},
  url = {https://tsapps.nist.gov/publication/get_pdf.cfm?pub_id=934464},
  doi = {https://doi.org/10.6028/NIST.SP.1270},
  language = {en},
}

@article{mehrabi2021survey,
  title={A survey on bias and fairness in machine learning},
  author={Mehrabi, Ninareh and Morstatter, Fred and Saxena, Nripsuta and Lerman, Kristina and Galstyan, Aram},
  journal={ACM Computing Surveys (CSUR)},
  volume={54},
  number={6},
  pages={1--35},
  year={2021},
  publisher={ACM New York, NY, USA}
}


% Model validation and documentation
@misc{SR117,
  title = {{S}upervisory {G}uidance on {M}odel {R}isk {M}anagement, {SR} {L}etter 11-7},
  year = {2011},
  url = {https://www.federalreserve.gov/supervisionreg/srletters/sr1107a1.pdf},
  pages={6--16},
  author = {Board of Governors of the Federal Reserve System Office of the Comptroller of the Currency},
}

@article{landry1983model,
  title={Model validation in operations research},
  author={Landry, Maurice and Malouin, Jean-Louis and Oral, Muhittin},
  journal={European journal of operational research},
  volume={14},
  number={3},
  pages={207--220},
  year={1983},
  publisher={Elsevier}
}


@inproceedings{Mitchell_2019,
	doi = {10.1145/3287560.3287596},
	url = {https://doi.org/10.1145%2F3287560.3287596},
	year = 2019,
	publisher = {{ACM}},
	author = {Margaret Mitchell and Simone Wu and Andrew Zaldivar and Parker Barnes and Lucy Vasserman and Ben Hutchinson and Elena Spitzer and Inioluwa Deborah Raji and Timnit Gebru},
	title = {Model Cards for Model Reporting},
	booktitle = {Proceedings of the Conference on Fairness, Accountability, and Transparency}
}
@misc{data_cards,
  doi = {10.48550/ARXIV.2204.01075},
  url = {https://arxiv.org/abs/2204.01075},
  author = {Pushkarna, Mahima and Zaldivar, Andrew and Kjartansson, Oddur},
  keywords = {Human-Computer Interaction (cs.HC), Artificial Intelligence (cs.AI), Databases (cs.DB), Machine Learning (cs.LG), FOS: Computer and information sciences, FOS: Computer and information sciences},
  title = {Data Cards: Purposeful and Transparent Dataset Documentation for Responsible AI},
  publisher = {arXiv},
  year = {2022},
  copyright = {Creative Commons Attribution 4.0 International}
}

%% Adoption

@article{alsheibani2018artificial,
  title={Artificial intelligence adoption: AI-readiness at firm-level},
  author={AlSheibani, Sulaiman and Cheung, Yen and Messom, Chris},
  year={2018},
  journal = {PACIS 2018 Proceedings}
}

@article{cubric2020drivers,
  title={Drivers, barriers and social considerations for AI adoption in business and management: A tertiary study},
  author={Cubric, Marija},
  journal={Technology in Society},
  volume={62},
  pages={101257},
  year={2020},
  publisher={Elsevier}
}

@article{duan2019artificial,
  title={Artificial intelligence for decision making in the era of Big Data--evolution, challenges and research agenda},
  author={Duan, Yanqing and Edwards, John S and Dwivedi, Yogesh K},
  journal={International journal of information management},
  volume={48},
  pages={63--71},
  year={2019},
  publisher={Elsevier}
}

@article{floridi2018ai4people,
  title={AI4People—An ethical framework for a good AI society: Opportunities, risks, principles, and recommendations},
  author={Floridi, Luciano and Cowls, Josh and Beltrametti, Monica and Chatila, Raja and Chazerand, Patrice and Dignum, Virginia and Luetge, Christoph and Madelin, Robert and Pagallo, Ugo and Rossi, Francesca and others},
  journal={Minds and machines},
  volume={28},
  number={4},
  pages={689--707},
  year={2018},
  publisher={Springer}
}

@article{marr2018artificial,
  title={Is Artificial Intelligence dangerous? 6 AI risks everyone should know about},
  author={Marr, Bernard},
  journal={Forbes},
  year={2018}
}


% AI Governance

@article{wang2018artificial,
  title={Artificial intelligence: A study on governance, policies, and regulations},
  author={Wang, Weiyu and Siau, Keng},
  journal={MWAIS 2018 proceedings},
  volume={40},
  year={2018}
}


@article{reddy2020governance,
  title={A governance model for the application of AI in health care},
  author={Reddy, Sandeep and Allan, Sonia and Coghlan, Simon and Cooper, Paul},
  journal={Journal of the American Medical Informatics Association},
  volume={27},
  number={3},
  pages={491--497},
  year={2020},
  publisher={Oxford University Press}
}

@article{dafoe2018ai,
  title={AI governance: a research agenda},
  author={Dafoe, Allan},
  journal={Governance of AI Program, Future of Humanity Institute, University of Oxford: Oxford, UK},
  volume={1442},
  pages={1443},
  year={2018}
}

@article{gasser2017layered,
  title={A layered model for AI governance},
  author={Gasser, Urs and Almeida, Virgilio AF},
  journal={IEEE Internet Computing},
  volume={21},
  number={6},
  pages={58--62},
  year={2017},
  publisher={IEEE}
}


@article{kuziemski2020ai,
  title={AI governance in the public sector: Three tales from the frontiers of automated decision-making in democratic settings},
  author={Kuziemski, Maciej and Misuraca, Gianluca},
  journal={Telecommunications policy},
  volume={44},
  number={6},
  pages={101976},
  year={2020},
  publisher={Elsevier}
}

%% AI aplications

@article{vaishya2020artificial,
  title={Artificial Intelligence (AI) applications for COVID-19 pandemic},
  author={Vaishya, Raju and Javaid, Mohd and Khan, Ibrahim Haleem and Haleem, Abid},
  journal={Diabetes \& Metabolic Syndrome: Clinical Research \& Reviews},
  volume={14},
  number={4},
  pages={337--339},
  year={2020},
  publisher={Elsevier}
}


%% AI uncertainty

@article{bresina2012planning,
  title={Planning under continuous time and resource uncertainty: A challenge for AI},
  author={Bresina, John and Dearden, Richard and Meuleau, Nicolas and Ramkrishnan, Sailesh and Smith, David and Washington, Richard},
  journal={arXiv preprint arXiv:1301.0559},
  year={2012}
}

@incollection{zadeh1986probability,
  title={Is probability theory sufficient for dealing with uncertainty in AI: A negative view},
  author={Zadeh, Lotfi A},
  booktitle={Machine intelligence and pattern recognition},
  volume={4},
  pages={103--116},
  year={1986},
  publisher={Elsevier}
}


% AI Operationalization

@incollection{zhu2022ai,
  title={AI and Ethics—Operationalizing Responsible AI},
  author={Zhu, Liming and Xu, Xiwei and Lu, Qinghua and Governatori, Guido and Whittle, Jon},
  booktitle={Humanity Driven AI},
  pages={15--33},
  year={2022},
  publisher={Springer}
}

@inproceedings{ehsan2021operationalizing,
  title={Operationalizing human-centered perspectives in explainable AI},
  author={Ehsan, Upol and Wintersberger, Philipp and Liao, Q Vera and Mara, Martina and Streit, Marc and Wachter, Sandra and Riener, Andreas and Riedl, Mark O},
  booktitle={Extended Abstracts of the 2021 CHI Conference on Human Factors in Computing Systems},
  pages={1--6},
  year={2021}
}

@article{amodei2016concrete,
  title={Concrete problems in AI safety},
  author={Amodei, Dario and Olah, Chris and Steinhardt, Jacob and Christiano, Paul and Schulman, John and Man{\'e}, Dan},
  journal={arXiv preprint arXiv:1606.06565},
  year={2016}
}

@article{leike2017ai,
  title={AI safety gridworlds},
  author={Leike, Jan and Martic, Miljan and Krakovna, Victoria and Ortega, Pedro A and Everitt, Tom and Lefrancq, Andrew and Orseau, Laurent and Legg, Shane},
  journal={arXiv preprint arXiv:1711.09883},
  year={2017}
}


@book{treveil2020introducing,
  title={Introducing MLOps},
  author={Treveil, Mark and Omont, Nicolas and Stenac, Cl{\'e}ment and Lefevre, Kenji and Phan, Du and Zentici, Joachim and Lavoillotte, Adrien and Miyazaki, Makoto and Heidmann, Lynn},
  year={2020},
  publisher={O'Reilly Media}
}

@incollection{alla2021mlops,
  title={What is mlops?},
  author={Alla, Sridhar and Adari, Suman Kalyan},
  booktitle={Beginning MLOps with MLFlow},
  pages={79--124},
  year={2021},
  publisher={Springer}
}

@article{mittelstadt2019principles,
  title={Principles alone cannot guarantee ethical AI},
  author={Mittelstadt, Brent},
  journal={Nature Machine Intelligence},
  volume={1},
  number={11},
  pages={501--507},
  year={2019},
  publisher={Nature Publishing Group}
}

@article{bloomberg,
    author = {Patrick Clark},
    journal = {Bloomberg},
    title = {Zillow’s Algorithm-Fueled Buying Spree Doomed Its Home-Flipping Experiment},
    note = {URL: \url{https://www.bloomberg.com/news/articles/2021-11-08/zillow-z-home-flipping-experiment-doomed-by-tech-algorithms}},
    Year = {2021}}

@article{bloomberg2,
    author = {Patrick Clark, Sridhar Natarajan, Heather Perlberg},
    journal = {Bloomberg},
    title = {Zillow Seeks to Sell 7,000 Homes for \$2.8 Billion After Flipping Halt},
    note = {URL: \url{https://www.bloomberg.com/news/articles/2021-11-01/zillow-selling-7-000-homes-for-2-8-billion-after-flipping-halt}},
    Year = {2021}}

@article{sr711,
    author = {Board of Governors of the Federal Reserve System},
    title = {SR 11-7 attachment: Supervisory Guidance on Model Risk Management},
    note = {URL: https://www.federalreserve.gov/supervisionreg/srletters/sr1107a1.pdf},
    Year = {2011}}

%%%%%%%%%%%%%% SOFTWARE SECURITY
@article{alhazmi2007measuring,
  title={Measuring, analyzing and predicting security vulnerabilities in software systems},
  author={Alhazmi, Omar Hussain and Malaiya, Yashwant K and Ray, Indrajit},
  journal={computers \& security},
  volume={26},
  number={3},
  pages={219--228},
  year={2007},
  publisher={Elsevier}
}

@book{dowd2006art,
  title={The art of software security assessment: Identifying and preventing software vulnerabilities},
  author={Dowd, Mark and McDonald, John and Schuh, Justin},
  year={2006},
  publisher={Pearson Education}
}

@article{mcgraw2004software,
  title={Software security},
  author={McGraw, Gary},
  journal={IEEE Security \& Privacy},
  volume={2},
  number={2},
  pages={80--83},
  year={2004},
  publisher={IEEE}
}

@article{conde2022general,
  title={General Image Descriptors for Open World Image Retrieval using ViT CLIP},
  author={Conde, Marcos V and Aerlic, Ivan and J{\'e}gou, Simon},
  journal={arXiv preprint arXiv:2210.11141},
  year={2022}
}

@article{conde2021weakly,
  title={Weakly-Supervised Classification and Detection of Bird Sounds in the Wild. A BirdCLEF 2021 Solution},
  author={Conde, Marcos V and Shubham, Kumar and Agnihotri, Prateek and Movva, Nitin D and Bessenyei, Szilard},
  journal={arXiv preprint arXiv:2107.04878},
  year={2021}
}

@article{conde2022few,
  title={Few-shot Long-Tailed Bird Audio Recognition},
  author={Conde, Marcos V and Choi, Ui-Jin},
  journal={arXiv preprint arXiv:2206.11260},
  year={2022}
}

@inproceedings{sultani2018real,
  title={Real-world anomaly detection in surveillance videos},
  author={Sultani, Waqas and Chen, Chen and Shah, Mubarak},
  booktitle={Proceedings of the IEEE conference on computer vision and pattern recognition},
  pages={6479--6488},
  year={2018}
}

@article{portugal2018use,
  title={The use of machine learning algorithms in recommender systems: A systematic review},
  author={Portugal, Ivens and Alencar, Paulo and Cowan, Donald},
  journal={Expert Systems with Applications},
  volume={97},
  pages={205--227},
  year={2018},
  publisher={Elsevier}
}

@article{gordeev2020backtesting,
  title={Backtesting the predictability of COVID-19},
  author={Gordeev, Dmitry and Singer, Philipp and Michailidis, Marios and M{\"u}ller, Mathias and Ambati, SriSatish},
  journal={arXiv preprint arXiv:2007.11411},
  year={2020}
}

@article{henkel2021recognizing,
  title={Recognizing bird species in diverse soundscapes under weak supervision},
  author={Henkel, Christof and Pfeiffer, Pascal and Singer, Philipp},
  journal={arXiv preprint arXiv:2107.07728},
  year={2021}
}

@article{makridakis2018statistical,
  title={Statistical and Machine Learning forecasting methods: Concerns and ways forward},
  author={Makridakis, Spyros and Spiliotis, Evangelos and Assimakopoulos, Vassilios},
  journal={PloS one},
  volume={13},
  number={3},
  pages={e0194889},
  year={2018},
  publisher={Public Library of Science San Francisco, CA USA}
}

@article{esteva2021deep,
  title={Deep learning-enabled medical computer vision},
  author={Esteva, Andre and Chou, Katherine and Yeung, Serena and Naik, Nikhil and Madani, Ali and Mottaghi, Ali and Liu, Yun and Topol, Eric and Dean, Jeff and Socher, Richard},
  journal={NPJ digital medicine},
  volume={4},
  number={1},
  pages={1--9},
  year={2021},
  publisher={Nature Publishing Group}
}

@inproceedings{conde2021clip,
  title={CLIP-Art: contrastive pre-training for fine-grained art classification},
  author={Conde, Marcos V and Turgutlu, Kerem},
  booktitle={Proceedings of the IEEE/CVF Conference on Computer Vision and Pattern Recognition},
  pages={3956--3960},
  year={2021}
}


@article{suzuki2017overview,
  title={Overview of deep learning in medical imaging},
  author={Suzuki, Kenji},
  journal={Radiological physics and technology},
  volume={10},
  number={3},
  pages={257--273},
  year={2017},
  publisher={Springer}
}
