@article{QIU201316,
title = {Supply Hub in Industrial Park (SHIP): The value of freight consolidation},
journal = {Computers \& Industrial Engineering},
volume = {65},
number = {1},
pages = {16-27},
year = {2013},
note = {Intelligent Manufacturing Systems},
issn = {0360-8352},
doi = {https://doi.org/10.1016/j.cie.2012.06.016},
url = {https://www.sciencedirect.com/science/article/pii/S0360835212001751},
author = {Xuan Qiu and George Q. Huang}
}

@article{Facchini2019,
  doi = {10.3390/su12010086},
  url = {https://doi.org/10.3390/su12010086},
  year = {2019},
  month = dec,
  publisher = {{MDPI} {AG}},
  volume = {12},
  number = {1},
  pages = {86},
  author = {Francesco Facchini and Joanna Ole{\'{s}}k{\'{o}}w-Sz{\l}apka and Luigi Ranieri and Andrea Urbinati},
  title = {A Maturity Model for Logistics 4.0: An Empirical Analysis and a Roadmap for Future Research},
  journal = {Sustainability}
}

@article{Winkelhaus2019,
  doi = {10.1080/00207543.2019.1612964},
  url = {https://doi.org/10.1080/00207543.2019.1612964},
  year = {2019},
  month = may,
  publisher = {Informa {UK} Limited},
  volume = {58},
  number = {1},
  pages = {18--43},
  author = {Sven Winkelhaus and Eric H. Grosse},
  title = {Logistics 4.0: a systematic review towards a new logistics system},
  journal = {International Journal of Production Research}
}

@ARTICLE{Kang2022,  author={Kang, Kai and Xu, Su Xiu and Zhong, Ray Y. and Tan, Bing Qing and Huang, George Q.},  journal={IEEE Transactions on Automation Science and Engineering},   title={Double Auction-Based Manufacturing Cloud Service Allocation in an Industrial Park},   year={2022},  volume={19},  number={1},  pages={295-307},  doi={10.1109/TASE.2020.3029081}}

@article{MOURTZIS2018,
title = {A cloud-based cyber-physical system for adaptive shop-floor scheduling and condition-based maintenance},
journal = {Journal of Manufacturing Systems},
volume = {47},
pages = {179-198},
year = {2018},
issn = {0278-6125},
doi = {https://doi.org/10.1016/j.jmsy.2018.05.008},
url = {https://www.sciencedirect.com/science/article/pii/S0278612518300700},
author = {Dimitris Mourtzis and Ekaterini Vlachou},
keywords = {Cyber-physical system, Cloud manufacturing, Industry 4.0, Adaptive scheduling, Condition-based maintenance},
}
@ARTICLE{Lu2020,  author={Lu, Yunlong and Huang, Xiaohong and Dai, Yueyue and Maharjan, Sabita and Zhang, Yan},  journal={IEEE Transactions on Industrial Informatics},   title={Blockchain and Federated Learning for Privacy-Preserved Data Sharing in Industrial IoT},   year={2020},  volume={16},  number={6},  pages={4177-4186},  doi={10.1109/TII.2019.2942190}}


@article{Liu2021,
  doi = {10.1109/tase.2020.3015110},
  url = {https://doi.org/10.1109/tase.2020.3015110},
  year = {2021},
  month = oct,
  publisher = {Institute of Electrical and Electronics Engineers ({IEEE})},
  volume = {18},
  number = {4},
  pages = {1705--1717},
  author = {Zhe Liu and Hesheng Wang and Huanshu Wei and Ming Liu and Yun-Hui Liu},
  title = {Prediction,  Planning,  and Coordination of Thousand-Warehousing-Robot Networks With Motion and Communication Uncertainties},
  journal = {{IEEE} Transactions on Automation Science and Engineering}
}

@inproceedings{Salazar2018,
  doi = {10.1109/itsc.2018.8569381},
  url = {https://doi.org/10.1109/itsc.2018.8569381},
  year = {2018},
  month = nov,
  publisher = {{IEEE}},
  author = {Mauro Salazar and Federico Rossi and Maximilian Schiffer and Christopher H. Onder and Marco Pavone},
  title = {On the Interaction between Autonomous Mobility-on-Demand and Public Transportation Systems},
  booktitle = {2018 21st International Conference on Intelligent Transportation Systems ({ITSC})}
}

@article{choudhury2021efficient,
  title={Efficient large-scale multi-drone delivery using transit networks},
  author={Choudhury, Shushman and Solovey, Kiril and Kochenderfer, Mykel J and Pavone, Marco},
  journal={Journal of Artificial Intelligence Research},
  volume={70},
  pages={757--788},
  year={2021}
}

@inproceedings{Yoo2018,
  doi = {10.1109/ieem.2018.8607829},
  url = {https://doi.org/10.1109/ieem.2018.8607829},
  year = {2018},
  month = dec,
  publisher = {{IEEE}},
  author = {H. D. Yoo and S. M. Chankov},
  title = {Drone-delivery Using Autonomous Mobility: An Innovative Approach to Future Last-mile Delivery Problems},
  booktitle = {2018 {IEEE} International Conference on Industrial Engineering and Engineering Management ({IEEM})}
}

@TECHREPORT{nasscom,
  AUTHOR =        {Sanjeev Malhotra and Ananth Chandramouli},
  TITLE =         {India Industry 4.0 Adoption: A Case to Mature Manufacturing Digitalization by 2025 },
  INSTITUTION =   {NASSCOM: National Association of Software and Service Companies},
  MONTH =         {February},
  YEAR  =         {2022},
  URL   =         {https://nasscom.in/knowledge-center/publications/india-industry-4-adoption-case-mature-manufacturing-digitalization}
}
@ARTICLE{554205,
  author={Hall, D.L. and Llinas, J.},
  journal={Proceedings of the IEEE}, 
  title={An introduction to multisensor data fusion}, 
  year={1997},
  volume={85},
  number={1},
  pages={6-23},
  doi={10.1109/5.554205}}
  
@ARTICLE{704504,
  author={Federico Castanedo},
  journal={The Scientific World Journal}, 
  title={A Review of Data Fusion Techniques}, 
  year={2013},
  volume={2013},
  number={1},
  pages={1-19},
  doi={https://doi.org/10.1155/2013/704504}}

@ARTICLE{6736130,  author={Qiu, Xuan and Huang, George Q. and Lam, Jasmine Siu Lee},  journal={IEEE Transactions on Automation Science and Engineering},   title={A Bilevel Analytical Model for Dynamic Storage Pricing in a Supply Hub in Industrial Park (SHIP)},   year={2015},  volume={12},  number={3},  pages={1017-1032},  doi={10.1109/TASE.2014.2301838}}



@Article{fi14020064,
AUTHOR = {Qian, Cheng and Liu, Xing and Ripley, Colin and Qian, Mian and Liang, Fan and Yu, Wei},
TITLE = {Digital Twin—Cyber Replica of Physical Things: Architecture, Applications and Future Research Directions},
JOURNAL = {Future Internet},
VOLUME = {14},
YEAR = {2022},
NUMBER = {2},
ARTICLE-NUMBER = {64},
URL = {https://www.mdpi.com/1999-5903/14/2/64},
ISSN = {1999-5903},
DOI = {10.3390/fi14020064}
}

@article{LU2020101837,
title = {Digital Twin-driven smart manufacturing: Connotation, reference model, applications and research issues},
journal = {Robotics and Computer-Integrated Manufacturing},
volume = {61},
pages = {101837},
year = {2020},
issn = {0736-5845},
doi = {https://doi.org/10.1016/j.rcim.2019.101837},
url = {https://www.sciencedirect.com/science/article/pii/S0736584519302480},
author = {Yuqian Lu and Chao Liu and Kevin I-Kai Wang and Huiyue Huang and Xun Xu}}

@Article{RePEc:eee:proeco,
  author={Qiu, Xuan and Huang, George Q.},
  title={{Transportation service sharing and replenishment/delivery scheduling in Supply Hub in Industrial Park (SHIP)}},
  journal={International Journal of Production Economics},
  year=2016,
  volume={175},
  number={C},
  pages={109-120},
  month={},
  keywords={Supply hub; Industrial park; Milk-run logistics; Bilevel programming},
  doi={10.1016/j.ijpe.2016.02.00}
  }
  
@article{KANG2021123881,
title = {Auction-based cloud service allocation and sharing for logistics product service system},
journal = {Journal of Cleaner Production},
volume = {278},
pages = {123881},
year = {2021},
issn = {0959-6526},
doi = {https://doi.org/10.1016/j.jclepro.2020.123881},
url = {https://www.sciencedirect.com/science/article/pii/S0959652620339263},
author = {Kai Kang and Ray Y. Zhong and Su Xiu Xu and Bing Qing Tan and Lihui Wang and Tao Peng},
keywords = {Logistics services, Product service systems, Auction, Cloud service allocation and sharing}
}


@Article{machines9090193,
AUTHOR = {Sahal, Radhya and Alsamhi, Saeed H. and Brown, Kenneth N. and O’Shea, Donna and McCarthy, Conor and Guizani, Mohsen},
TITLE = {Blockchain-Empowered Digital Twins Collaboration: Smart Transportation Use Case},
JOURNAL = {Machines},
VOLUME = {9},
YEAR = {2021},
NUMBER = {9},
ARTICLE-NUMBER = {193},
URL = {https://www.mdpi.com/2075-1702/9/9/193},
ISSN = {2075-1702},
DOI = {10.3390/machines9090193}
}



