@misc{NoteRankingAlgorithm,
  title = {How are Community Notes ranked?},
  howpublished = {\url{https://communitynotes.twitter.com/guide/en/under-the-hood/ranking-notes}},
  language = {English},
  year = {2023},
  author = {X}
}

@misc{usinggpt4contentmod,
  title = {Using GPT-4 for content moderation},
  howpublished = {\url{https://openai.com/blog/using-gpt-4-for-content-moderation}},
  year = {2023},
  author = {Weng, Lilian and Goel, Vik and Vallone, Andrea}
}

@misc{altman2023governance,
    title={Governance of Superintelligence},
    author={Altman, Sam and Brockman, Greg and Sutskever, Ilya},
    journal={OpenAI Blog},
    year={2023},
    day={22},
    url={https://openai.com/blog/governance-of-superintelligence}
}

@article{brundage2020toward,
    title={Toward Trustworthy AI Development: Mechanisms for Supporting Verifiable Claims},
    author={Miles Brundage and Shahar Avin and Jasmine Wang and Haydn Belfield and Gretchen Krueger and others},
    year={2020},
    eprint={2004.07213},
    archivePrefix={arXiv},
    primaryClass={cs.AI},
    url={https://arxiv.org/abs/2004.07213}
}

@article{bakker2022fine,
    title={Fine-tuning language models to find agreement among humans with diverse preferences},
    author={Michiel A. Bakker and Martin J. Chadwick and Hannah R. Sheahan and Michael Henry Tessler and Lucy Campbell-Gillingham and Jan Balaguer and Nat McAleese and Amelia Glaese and John Aslanides and Matthew M. Botvinick and Christopher Summerfield},
    year={2022},
    eprint={2211.15006},
    archivePrefix={arXiv},
    primaryClass={cs.CL},
    url={https://arxiv.org/abs/2211.15006}
}

@misc{zaremba2023democratic,
    title={Democratic Inputs to AI},
    author={Wojciech Zaremba and Arka Dhar and Lama Ahmad and Tyna Eloundou and Shibani Santurkar and Sandhini Agarwal and Jade Leung},
    year={2023},
    day={25},
    url={https://openai.com/blog/democratic-inputs-to-ai}
}

@article{bai2022constitutional,
    title={Constitutional AI: Harmlessness from AI Feedback},
    author={Yuntao Bai and Saurav Kadavath and Sandipan Kundu and Amanda Askell and Jackson Kernion and others},
    year={2022},
    eprint={2212.08073},
    archivePrefix={arXiv},
    primaryClass={cs.AI},
    url={https://arxiv.org/abs/2212.08073}
}

@article{specificVersusGeneral,
    title={Specific versus General Principles for Constitutional AI},
    author={Sandipan Kundu and Yuntao Bai and Saurav Kadavath and Amanda Askell and Andrew Callahan and Anna Chen and Anna Goldie and Avital Balwit and Azalia Mirhoseini and Brayden McLean and Catherine Olsson and Cassie Evraets and Eli Tran-Johnson},
    journal={arXiv preprint arXiv:2310.13798},
    year={2023},
    url={https://arxiv.org/abs/2310.13798}
}

@misc{collectiveConst,
    author = {Anthropic},
    title = {Collective Constitutional AI: Aligning a Language Model with Public Input},
    year = {2023},
    url = {https://www.anthropic.com/index/collective-constitutional-ai-aligning-a-language-model-with-public-input},
}

@article{birdwatch2022,
    title={Birdwatch: Crowd Wisdom and Bridging Algorithms can Inform Understanding and Reduce the Spread of Misinformation},
    author={Stefan Wojcik and Sophie Hilgard and Nick Judd and Delia Mocanu and Stephen Ragain and M. B. Fallin Hunzaker and Keith Coleman and Jay Baxter},
    year={2022},
    url={https://arxiv.org/abs/2210.15723}
}

@misc{leike2023introducingsuperalignment,
    title={Introducing Superalignment},
    author={Leike, Jan and Sutskever, Ilya},
    journal={OpenAI Blog},
    year={2023},
    month={July},
    day={5},
    url={https://openai.com/blog/introducing-superalignment}
}

@article{deepmind,
author = {Michiel A. Bakker and Martin J. Chadwick and Hannah R. Sheahan and Michael Henry Tessler and Lucy Campbell-Gillingham and Jan Balaguer and Nat McAleese and Amelia Glaese and John Aslanides and Matthew M. Botvinick and Christopher Summerfield},
title = {Fine-tuning language models to find agreement among humans with diverse preferences},
year = {2022},
eprint = {arXiv:2211.15006},
url = {https://arxiv.org/pdf/2211.15006.pdf}
}