
@article{IEEEexample:article_typical,
  author        = "S. Zhang and C. Zhu and J. K. O. Sin and P. K. T. Mok",
  title         = "A Novel Ultrathin Elevated Channel Low-temperature 
                   Poly-{Si} {TFT}",
  journal       = IEEE_J_EDL,
  volume        = "20",
  month         = nov,
  year          = "1999",
  pages         = "569-571"
}

@article{TalebDouady:Mathematical:2013,
author = {N. N. Taleb and R. Douady},
title = {Mathematical definition, mapping, and detection of (anti)fragility},
journal = {Quantitative Finance},
volume = {13},
number = {11},
pages = {1677-1689},
year  = {2013},
publisher = {Routledge},
doi = {10.1080/14697688.2013.800219},
URL = { 
        https://doi.org/10.1080/14697688.2013.800219
},
eprint = { 
        https://doi.org/10.1080/14697688.2013.800219
    
}

}


@article{Murphy:Unconstrained:2015,
  author        = "R. H. Murphy",
  title         = "The Unconstrained Vision of Nassim Taleb",
  journal       = "The Independent Review",
  volume        = "19",
  number        = "3",
  year          = "2015",
  pages         = "427â€“34"
}



@inproceedings{IEEEexample:conf_typical,
  author        = "",
  title         = "",
  booktitle     = "",
  address       = "",
  month         = "",
  year          = "",
  pages         = "-"
}

@book{Taleb:Black:2007,
  author        = "N. N. Taleb",
  title         = "The Black Swan: The Impact of the Highly Improbable",
  publisher     = "Random House",
  address       = "New York",
  year          = "2007"
}

@book{Sowell:Conflict:2007,
  author        = "T. Sowell",
  title         = "A Conflict of Visions: Ideological Origins of Political Struggles",
  publisher     = "Basic Books",
  address       = "New York",
  year          = "2007"
}


@book{Taleb:Antifragility:2012,
  author        = "N. N. Taleb",
  title         = "Antifragile: Things That Gain from Disorder",
  publisher     = "Random House",
  address       = "New York",
  year          = "2012"
}


@book{Agrawaletal:Prediction:2018,
  author        = "A. Agrawal, J. Gans, and A. Goldfarb",
  title         = "Prediction Machines: The Simple Economics of Artificial Intelligence",
  publisher     = "Harvard Business Review Press",
  address       = "Boston, Massachusetts",
  year          = "2018"
}


@book{IEEEexample:book_typical,
  author        = "",
  title         = "",
  publisher     = "",
  address       = "",
  year          = ""
}